2066 3146
858 138 911 143 -—
974 111 1123 154 XXVI
1185 138 1238 142 ——

207 252 617 316 significationem
658 253 838 299 nancta
878 253 944 298 sit
984 266 1271 313 cognoscere
1311 251 1567 313 possimus.
1630 254 1743 313 post
1773 251 1890 312 Epi-

205 344 377 374 curum
424 330 473 374 et
519 329 634 373 ante
682 325 858 372 Arium
903 325 1175 386 Didymum
1222 327 1271 372 91
1316 324 1518 372 Actium
1565 326 1657 372 hoc
1703 326 1892 372 factum

205 417 306 449 esse
347 415 541 447 necesse
582 403 668 446 est.
740 415 849 446 cum
883 401 1049 445 autem
1082 394 1563 459 ἀντιλαμβάνεσθαί
1595 412 1741 458 τινος
1781 415 1890 459 pro-

203 476 367 535 priam
405 474 587 520 habeat
625 473 1037 535 significationem
1060 473 1406 531 prehendendi,
1439 473 1772 534 quaerendum
1804 475 1892 532 est,

206 548 450 609 quomodo
493 563 564 607 ea,
605 563 731 607 quae
765 546 985 594 sensibus
1017 547 1369 607 percipiantur,
1392 548 1771 606 prehendcmtur.
1844 549 1892 593 et

206 622 391 682 optime
432 637 519 668 nos
567 621 771 668 adiuvat
817 621 1041 667 doctrina
1082 620 1356 667 Stoicorum
1406 636 1533 682 quae
1573 621 1631 668 de
1671 621 1891 668 sensibus

205 695 436 755 traditur,
477 711 574 755 qua
614 695 672 741 de
712 711 763 741 re
804 694 1025 742 conferas
1065 694 1212 741 velim
1254 710 1379 755 quae
1413 695 1634 755 disputat
1672 694 1726 741 L.
1755 694 1891 741 Stein

207 770 510 830 Psycleoloyie
550 770 634 815 cler
672 768 787 815 Stoa
825 768 877 815 H
918 769 1020 815 133
1041 783 1145 829 sqq.
1222 784 1381 829 neque
1422 769 1552 815 enim
1593 767 1747 816 Stoici
1787 784 1893 815 3911-

207 859 288 890 sus
338 844 412 890 ita
461 843 568 889 fieri
617 844 818 904 putant,
865 844 921 888 ut
968 843 1161 889 animus
1208 844 1375 890 noster
1427 844 1625 889 tantum
1671 844 1894 904 patiatur

208 917 382 979 plagas
417 917 717 964 extrinsecus
751 916 847 963 sibi
877 916 1060 976 illatas,
1095 915 1290 976 sedita,
1321 918 1377 963 ut
1408 917 1515 977 ipse
1548 933 1740 978 quoque
1775 919 1893 978 agat

207 993 400 1037 animus
442 985 752 1054 (testimonia
782 990 933 1037 habes
973 989 1105 1051 apud
1146 989 1389 1036 Steinium
1421 991 1454 1037 1.
1479 1006 1517 1037 c.
1549 1007 1596 1051 p.
1626 992 1726 1037 127
1747 985 1891 1055 sqq).

208 1080 306 1125 qua
345 1066 538 1111 actione
579 1065 797 1111 animum
828 1080 905 1112 res
928 1065 1226 1122 prehendere
1259 1063 1412 1111 Stoici
1445 1065 1627 1111 dicunt.
1685 1065 1894 1126 legimus

207 1139 334 1184 enim
370 1138 488 1186 haec
529 1138 660 1200 apud
699 1138 809 1185 Aet.
850 1139 981 1185 Plac.
1014 1138 1086 1184 IV
1121 1138 1166 1199 8,
1197 1141 1247 1185 1:
1282 1134 1331 1186 οἱ
1364 1135 1589 1186 Στωικοὶ
1628 1134 1894 1198 ὁρίζονται

209 1207 383 1271 οὕτως
430 1210 525 1271 τὴν
567 1208 839 1272 αἴσθησιν·
889 1207 1138 1271 αἴσθησίς
1187 1209 1335 1260 ἐστιν
1383 1207 1663 1272 ἀντίληψις
1704 1209 1774 1259 δι’
1817 1209 1892 1260 αἰ-

209 1283 499 1345 σθητηρίου
540 1283 570 1346 ἢ
612 1283 928 1345 κατάληψις,
971 1288 1021 1333 et
1052 1286 1184 1347 apud
1215 1286 1500 1333 Nemesium
1541 1286 1599 1334 de
1631 1289 1732 1333 nat.
1764 1287 1893 1333 hom.

210 1375 314 1420 cap.
346 1362 372 1406 7
417 1356 530 1407 ἔστι
572 1359 631 1408 δὲ
672 1356 922 1420 αἴσθησις
964 1356 1246 1419 ἀντίληψις
1278 1360 1387 1407 τῶν
1422 1356 1693 1419 αἰσθητῶν
1735 1399 1892 1407 .....

209 1430 284 1481 ἔτι
325 1432 383 1481 δὲ
424 1432 506 1482 καὶ
548 1430 712 1482 οὕτω·
755 1431 978 1495 δύναμιν
1018 1434 1196 1493 ψυχῆς
1242 1430 1616 1493 ἀντιληπτικὴν
1660 1434 1768 1482 τῶν
1817 1431 1892 1481 αἰ-

209 1508 437 1567 σθητῶν.
481 1524 579 1569 qua
607 1510 659 1555 in
693 1508 978 1556 definitione
1011 1507 1293 1555 Stoicorum
1325 1503 1609 1568 ἀντίληψιν
1641 1510 1895 1569 propriam

207 1581 385 1629 habere
435 1582 845 1645 significationem
893 1585 1121 1644 apparet,
1172 1597 1281 1628 cum
1321 1582 1417 1630 nisi
1455 1583 1528 1629 ita
1568 1584 1715 1642 esset,
1756 1582 1894 1629 nulla

210 1658 336 1703 93391
375 1656 618 1717 definitio,
659 1658 743 1704 sed
775 1657 922 1704 facile
954 1657 1270 1719 intelligitur,
1302 1672 1472 1703 vocem
1505 1652 1787 1715 ἀντίληψιν
1821 1648 1895 1721 (91

208 1725 694 1791 ἀντιλαμβάνεσθαι
735 1733 785 1778 91
821 1723 1220 1796 ἀντιληπτικός)
1259 1732 1418 1797 ipsam
1455 1732 1551 1777 vim
1590 1730 1894 1791 percipiendi

207 1803 426 1851 nancisci
465 1807 699 1865 potuisse.
776 1805 945 1866 itaque
986 1806 1028 1852 si
1066 1820 1238 1852 revera
1277 1820 1371 1852 vox
1411 1800 1894 1864 ἀντιλαμβάνεσθαι

210 1877 388 1925 Stoicis
437 1878 581 1925 debet
628 1881 729 1926 vim
775 1878 1080 1941 percipiendi
1119 1906 1186 1910 —
1229 1881 1278 1925 et
1325 1882 1456 1925 certo
1498 1894 1523 1925 e
1563 1878 1755 1941 vulgari
1798 1894 1895 1925 ser-

209 1967 351 1998 mone
392 1956 591 2013 sumpta
630 1969 732 2000 esse
771 1969 870 2000 non
908 1953 1117 2012 videtur,
1158 1968 1267 1999 cum
1308 1968 1336 1999 a
1376 1952 1697 2013 scriptoribus
1737 1952 1895 2013 philo·

207 2026 374 2086 sophis
422 2027 538 2075 solis
593 2027 886 2088 adhibeatur
927 2054 1018 2086 —,
1083 2043 1226 2087 quam
1284 2027 1495 2073 maxime
1534 2026 1782 2073 reicienda
1821 2029 1895 2073 est

208 2099 374 2160 opinio
431 2116 622 2161 eorum,
678 2103 765 2162 qui
819 2102 1098 2164 fragmenta
1151 2101 1240 2147 illa
1294 2100 1498 2161 Epicuri
1548 2115 1650 2147 9339
1704 2101 1895 2160 putent.

209 2166 511 2238 (addendum
558 2178 650 2234 931,
701 2175 834 2236 quod
882 2177 1032 2222 etiam
1080 2174 1263 2222 similia
1311 2175 1462 2222 verba
1509 2170 1805 2233 κατάληψις
1846 2175 1896 2220 91

210 2245 599 2307 καταληπτικός
647 2265 675 2295 a
718 2248 895 2296 Stoicis
936 2250 1178 2312 originem
1218 2248 1392 2295 ducere
1434 2247 1601 2295 Cicero
1641 2242 1893 2311 testatur.)

323 2321 655 2381 βαρεῖσθαι
719 2316 802 2388 (fr.
842 2322 1002 2369 LXIV
1050 2323 1139 2370 col.
1173 2322 1250 2369 III
1288 2338 1333 2371 v.
1369 2324 1398 2369 9
1434 2344 1490 2358 --
1523 2321 1645 2368 Heb.
1687 2323 1737 2368 et
1782 2320 1891 2367 Kal.

207 2395 266 2440 fr.
294 2397 379 2454 24,
418 2411 461 2441 v.
491 2389 546 2461 9)
586 2396 677 2444 hoc
718 2412 861 2444 sensu
901 2396 1178 2443 adhibitum
1227 2398 1300 2444 est
1339 2387 1420 2462 (ε
1448 2392 1652 2456 βαρέως
1693 2391 1894 2455 φέρειν,

208 2469 338 2528 apud
386 2472 555 2528 poetas
605 2465 951 2536 βαρύνεσθαι)
997 2470 1051 2516 111
1097 2469 1229 2516 LXX
1275 2469 1427 2516 Exod.
1473 2471 1525 2528 7,
1554 2471 1634 2530 14,
1675 2468 1727 2515 111
1766 2483 1893 2516 novo

208 2541 524 2589 Testamento
568 2545 611 2590 2.
640 2542 746 2590 Cor.
779 2544 817 2603 I,
845 2546 874 2590 8
918 2547 964 2591 et
1005 2543 1064 2603 V,
1091 2546 1137 2591 4.
1197 2543 1256 2590 ab
1299 2543 1411 2590 aliis
1444 2542 1767 2603 scriptoribus
1809 2542 1893 2588 ad-

207 2615 343 2662 ditur
381 2631 457 2662 res
499 2632 595 2677 qua
636 2619 827 2665 animus
875 2620 1134 2680 gravatur,
1181 2619 1238 2664 ut
1281 2617 1559 2678 exemplum
1601 2616 1824 2675 afferam,
1865 2632 1893 2661 a

207 2687 472 2736 Plutarcho
505 2691 593 2737 vit.
619 2707 721 2752 par.
748 2708 793 2752 p.
823 2692 983 2738 273D
1018 2687 1199 2739 πένθει
1234 2687 1607 2752 βεβαρημένος.
1671 2690 1893 2751 vulgaris

206 2764 363 2825 igitur
400 2763 520 2811 haec
559 2764 855 2826 significatio
889 2764 1116 2812 vocabuli
1157 2767 1243 2812 est.
1303 2780 1398 2812 vox
1435 2766 1546 2825 ipsa
1587 2763 1767 2824 βαρεῖν
1808 2778 1892 2824 po·

206 2837 335 2884 etica
374 2839 460 2898 est,
502 2838 586 2884 cfr.
627 2839 779 2898 praef.
821 2854 927 2899 cap.
953 2837 1040 2886 III.

318 2907 604 2970 ἐπαίρειν
654 2908 888 2960 ἑαυτόν
936 2904 1019 2978 (fr.
1053 2911 1212 2957 LXIV
1261 2912 1348 2958 col.
1382 2910 1406 2956 I
1446 2927 1489 2958 v.
1526 2913 1554 2958 9
1591 2933 1646 2947 =
1680 2910 1800 2958 Heb.
1844 2916 1894 2958 et
