2066 3146
768 145 821 149 —
885 116 1055 160 XXVII
1116 144 1170 149 --

128 258 239 306 Kal.
282 259 340 305 fr.
375 252 468 324 23)
516 257 719 305 eandem
767 259 868 304 vim
913 257 1064 305 habet
1104 259 1252 319 atque
1292 259 1512 304 [culmum
1551 259 1729 317 erigjere
1769 260 1817 305 et

125 333 433 380 construitur
463 330 732 379 secundum
764 346 822 378 ea
845 331 1010 391 verba,
1043 347 1168 392 quae
1191 333 1382 379 motum
1413 331 1629 392 aliquem
1663 332 1819 378 animi

131 406 376 465 indicant,
426 402 510 453 ἐπί
558 419 670 452 τινι.
748 421 906 466 neque
952 406 1073 453 haec
1119 406 1367 453 structura
1413 420 1570 466 neque
1618 406 1816 453 omnino

126 480 333 528 verbum
371 481 534 541 ipsum
572 479 664 526 hoc
704 494 848 526 sensu
888 479 1013 526 alias
1054 481 1245 526 exstare
1284 480 1494 526 videtur.

242 550 552 613 θνητότης
594 546 675 618 (fr.
702 552 867 599 LXIII
898 554 988 600 col.
1014 552 1086 599 IV
1118 570 1162 600 v.
1190 554 1220 599 4
1256 575 1309 590 ·-=
1345 552 1465 600 Heb.
1501 555 1563 600 et.
1595 552 1704 599 Kal.
1735 555 1818 611 22,

128 646 173 675 v.
200 622 279 694 4),
327 629 384 675 ut
428 628 528 674 iam
575 626 763 674 Usener
811 627 1039 686 adnotat,
1087 627 1231 674 valde
1278 642 1445 674 recens
1486 630 1560 674 est
1598 627 1817 686 verbum,

124 702 266 749 cuius
299 701 521 762 exempla
556 703 794 747 notantur
825 700 958 762 apud
990 701 1272 761 Tatianum,
1303 701 1574 762 Didymum
1605 701 1817 748 Alexan-

125 776 339 834 drinum,
371 774 483 822 Joh.
512 774 775 836 Chrysost.,
808 775 1108 835 Nemesium,
1131 775 1320 835 Nilum,
1353 775 1533 837 dialog.
1560 775 1618 821 de
1652 776 1819 822 anima

125 850 237 898 adv.
286 849 570 910 Platonem,
618 848 766 896 schol.
814 848 1131 909 Philostrati,
1179 849 1327 896 schol.
1383 848 1605 898 Luciani.
1692 848 1817 895 addo

128 924 277 972 schol.
302 924 422 970 Ven.
458 923 520 970 ad
550 923 758 970 Iliadem
789 919 827 970 Η
865 923 957 983 59,
989 922 1476 970 Pseudalexandrum
1514 923 1733 984 Aphrod.
1766 925 1817 969 in

126 997 402 1059 Metaphys.
447 995 483 1045 Κ
514 1002 557 1057 1,
582 997 606 1043 Ι
646 1014 691 1058 p.
728 998 857 1056 637,
892 999 957 1045 26
1002 991 1057 1063 (1.
1099 1013 1138 1044 0.
1178 997 1469 1044 Michaelem
1510 991 1817 1060 Ephesium),

128 1072 328 1119 Davida
374 1071 425 1117 in
472 1071 712 1132 Porphyr.
762 1071 996 1134 isagogen
1042 1073 1095 1118 in
1143 1071 1215 1118 ed.
1263 1070 1348 1118 Ac.
1386 1071 1495 1118 Ber.
1536 1070 1727 1131 XVIII,
1764 1073 1818 1129 2;

123 1146 210 1194 sed
251 1145 382 1207 apud
423 1144 758 1192 Alexandrum
798 1147 847 1192 et
877 1145 1075 1193 Davida
1115 1142 1400 1205 θνητότης,
1440 1149 1497 1191 111
1529 1161 1658 1193 1111110
1699 1145 1817 1192 dici-

126 1235 251 1279 111113,
291 1219 559 1267 abstractio
605 1219 770 1282 logica
816 1221 911 1280 est,
960 1219 1093 1280 apud
1131 1222 1317 1267 0010103
1361 1222 1527 1267 autem
1567 1221 1617 1267 et
1654 1221 1819 1281 ipsum

128 1293 400 1356 Diogenem
442 1294 499 1340 fr.
525 1293 707 1339 XXXV
749 1293 838 1340 col.
863 1293 940 1339 III
979 1310 1023 1341 v.
1053 1295 1081 1341 3
1135 1294 1255 1340 haec
1292 1308 1387 1340 vox
1425 1294 1497 1340 ita
1535 1296 1819 1355 usurpatur,

126 1369 183 1414 ut
222 1384 329 1415 eam
368 1368 469 1415 iam
506 1369 558 1414 in
598 1382 692 1414 usu
731 1367 979 1414 cotidiano
1019 1368 1170 1415 fuisse
1210 1371 1463 1428 appareat.

241 1441 499 1489 Structura
564 1438 766 1489 λείπει
815 1438 915 1500 μοί
957 1456 1010 1488 τι
1074 1434 1156 1507 (fr.
1205 1440 1365 1488 LXIV
1428 1443 1517 1489 001.
1562 1442 1614 1488 II
1668 1437 1816 1506 [Heb.

124 1519 178 1562 et
217 1516 324 1563 Kal.
369 1510 460 1579 23]
502 1532 544 1562 v.
574 1517 602 1563 6
632 1517 680 1563 et
709 1508 763 1582 7)
814 1514 945 1576 apud
992 1515 1257 1577 Polybium
1302 1516 1521 1577 primum
1565 1517 1820 1564 invenitur

131 1591 212 1649 10,
242 1591 324 1651 18,
351 1590 380 1637 8
430 1586 590 1649 ἤρετο
631 1586 678 1637 τί
719 1586 887 1637 λείπει
934 1589 1042 1638 τῶν
1084 1586 1397 1649 ἐπιτηδείων
1439 1587 1639 1650 αὐταῖς.
1702 1589 1817 1637 Ρ111-

125 1664 327 1712 tarchus
367 1679 466 1710 non
504 1664 669 1724 habet,
709 1663 793 1711 sed
825 1664 1098 1725 Epictetus,
1133 1662 1363 1725 Galenus,
1406 1667 1818 1712 commentatores

122 1738 426 1799 Aristotelis,
468 1738 557 1785 alii
602 1740 910 1786 recentiores.
986 1738 1208 1800 vulgaris
1246 1737 1401 1801 igitur
1440 1740 1690 1786 structura
1730 1741 1818 1786 est.

239 1808 635 1872 προσφάτως
698 1804 780 1878 (fr.
823 1811 983 1859 LXIV
1038 1812 1127 1859 col.
1162 1811 1238 1858 III
1293 1807 1440 1889 [Heb.
1482 1815 1531 1860 et
1569 1812 1680 1860 Kal.
1725 1807 1818 1877 24]

124 1903 172 1934 v.
198 1879 256 1952 4)
297 1886 429 1947 quod
476 1889 550 1934 est
588 1902 744 1946 nuper
798 1886 931 1947 apud
984 1885 1275 1934 Machonem
1322 1890 1520 1948 poetam
1577 1888 1819 1934 comicum

124 1962 342 2022 primum
381 1960 657 2007 invenimus
691 1953 895 2026 (Athen.
926 1962 1008 2021 13,
1047 1977 1093 2022 p.
1123 1961 1223 2007 581
1243 1953 1292 2026 e)
1334 1958 1390 2008 ἐκ
1422 1960 1517 2020 τῆς
1561 1957 1818 2020 Κορίνθου

124 2030 466 2094 προσφάτως
499 2030 818 2095 ἀφιγμένος,
859 2033 1034 2082 deinde
1073 2034 1121 2080 in
1156 2033 1291 2081 LXX
1323 2034 1469 2082 Deut.
1514 2037 1597 2096 24,
1626 2035 1672 2095 5,
1712 2050 1816 2083 sae-

126 2109 237 2170 pius
278 2107 411 2169 apud
442 2107 722 2170 Polybium,
761 2110 869 2155 tum
900 2108 1166 2156 Posidonio
1207 2108 1489 2156 coniectura
1539 2109 1821 2156 restituitur

131 2175 288 2246 (apud
311 2181 493 2229 Athen.
511 2184 558 2242 4,
576 2199 622 2243 p.
645 2176 790 2248 153),
813 2198 961 2243 porro
987 2184 1148 2230 exstat
1170 2183 1224 2228 in
1248 2182 1467 2230 Diodoro
1494 2183 1660 2231 Siculo
1683 2186 1728 2243 1,
1749 2185 1816 2230 36

124 2259 178 2304 01
206 2258 288 2316 14,
320 2257 420 2303 115
463 2257 611 2303 semel
650 2258 703 2303 in
734 2256 1003 2303 Parthenio
1044 2258 1094 2303 et
1126 2254 1313 2303 Galeno
1354 2259 1403 2303 et
1435 2257 1618 2304 Babrio
1660 2258 1744 2318 30,
1772 2259 1819 2316 3,

124 2331 180 2377 in
227 2328 463 2393 Gregorio
510 2330 844 2391 Nazianzeno,
883 2330 935 2376 in
981 2330 1261 2377 Phalaridis
1310 2331 1551 2392 epistulis.
1637 2331 1819 2393 quibus

124 2404 363 2466 exemplis
419 2403 643 2451 addenda
699 2407 815 2452 sunt
869 2404 996 2452 Acta
1044 2403 1216 2465 Apost.
1268 2405 1355 2464 18,
1400 2407 1428 2452 2
1485 2397 1596 2471 (cfr.
1653 2405 1819 2454 Deiss-

123 2493 276 2525 mann
309 2478 643 2527 Bibelstudien
674 2495 719 2540 p.
748 2471 894 2543 211),
934 2478 1157 2525 Aristeas
1187 2494 1224 2525 0.
1253 2479 1300 2540 5,
1331 2478 1449 2540 Pap.
1477 2477 1626 2527 Grecs
1658 2479 1818 2527 Paris.

126 2569 174 2614 p.
202 2553 331 2611 370,
360 2554 428 2600 10
453 2546 585 2617 (165
629 2568 671 2600 a.
701 2546 853 2618 Chr),
894 2552 990 2599 Dio
1025 2550 1275 2613 Chrysost.
1310 2546 1418 2617 (cfr.
1453 2552 1654 2601 Schmid
1694 2553 1818 2601 Atti-

123 2627 302 2673 cismus
326 2642 371 2688 p.
394 2619 539 2692 701),
564 2627 849 2674 Eustratius
874 2626 963 2672 XX
987 2627 1071 2685 96,
1098 2627 1166 2674 20
1193 2629 1242 2674 01
1268 2628 1389 2690 394,
1419 2630 1503 2689 10,
1526 2627 1818 2690 Anonymus

126 2701 179 2746 in
220 2700 424 2748 Aristot.
472 2700 615 2748 Rhet.
657 2699 772 2747 XXI
799 2703 846 2761 2,
887 2700 973 2760 82,
999 2701 1045 2747 8.
1122 2701 1176 2747 111
1227 2701 1449 2762 exemplo
1489 2701 1577 2749 illo
1619 2701 1818 2750 Posido·
1863 2754 1868 2757 .

127 2775 299 2822 niano:
347 2772 413 2822 τὰ
452 2773 510 2822 δὲ
554 2771 806 2834 βρώματα
846 2770 998 2834 ἄρτοι
1202 2771 1287 2822 καὶ
1325 2775 1435 2823 τῶν
1479 2772 1819 2837 προσφάτως

127 2845 576 2907 καθιερευθέντων
624 2844 766 2895 ὀπτὰ
813 2846 1035 2909 δαψιλῆ,
1082 2849 1123 2895 31
1164 2848 1361 2909 quidem
1398 2852 1532 2897 recte
1570 2850 1820 2897 mutatum

127 2923 202 2968 est
240 2918 580 2982 προσφάτως
621 2937 677 2968 ex
718 2917 1082 2983 προσφάτων,
1121 2924 1323 2984 propria
1363 2922 1437 2971 vis
1476 2922 1693 2971 nondum
1735 2923 1818 2971 ob-
