2066 3146
949 113 1374 157 -xxxw-

319 253 609 314 κασωτός
650 270 738 316 pro
780 250 1002 313 πιλητός
1036 254 1114 300 vel
1146 250 1382 313 πιλωτός
1422 254 1480 300 fr.
1507 253 1550 300 X
1591 255 1679 301 eol.
1704 254 1730 300 Ι
1759 255 1839 300 12.
1894 270 2005 302 ver-

427 330 542 375 bum
591 329 710 375 alibi
758 343 853 375 non
902 329 1075 375 exstat.
1153 327 1205 374 in
1251 327 1445 390 vulgari
1492 342 1714 375 sermone
1760 325 2006 376 adieetiva

427 403 571 449 huius
612 402 802 463 generis
843 401 985 447 valde
1025 401 1214 448 usitata
1253 403 1407 448 erant.
1478 401 1716 460 Aristeas,
1755 403 1812 447 ut
1843 417 2001 448 exem-

427 476 511 537 pla
550 476 820 536 proferam,
860 475 979 522 haee
1019 474 1261 521 voeabula
1300 476 1530 536 usurpat:
1570 471 1844 534 κρινωτός,
1887 484 2000 523 κιο·-

427 546 627 608 σωτός,
677 545 991 608 γομφωτός,
1049 545 1377 608 φολιδωτός,
1432 545 1744 608 δικτυωτός,
1794 543 2000 609 ῥαβδω-

426 619 541 681 τός,
585 619 863 682 ῥομβωτός
904 615 1013 687 (cfr.
1055 621 1375 668 Wendlandii
1416 615 1675 688 indicem),
1716 624 1812 669 etsi
1849 622 2001 670 verba

426 692 636 756 κρινόω,
670 693 928 755 φολιδόω,
965 691 1193 755 ῥαβδόω,
1221 691 1436 756 ῥομβόω
1470 696 1610 743 nobis
1651 695 1848 758 quidem
1882 698 2002 744 nota,

424 785 522 816 non
563 772 691 816 sunt.
770 770 838 816 sio
879 766 1127 828 κασωτός
1160 784 1354 830 quoque
1395 769 1533 830 quasi
1569 785 1599 817 a
1631 770 1778 817 verbo
1813 767 2000 818 κασόω
2039 816 2045 830 ,

424 843 694 903 derivatur,
735 843 876 890 ouius
917 843 1139 903 exempla
1171 843 1369 904 quidem
1403 858 1502 890 non
1534 843 1789 904 habemus,
1830 860 1999 905 quam-

426 932 575 977 quam
616 920 804 964 exstare
844 917 895 964 id
935 916 1138 964 verbum
1177 917 1309 964 certo
1342 918 1515 980 negari
1546 933 1644 965 non
1675 920 1856 979 potest,
1889 933 1999 965 oum

424 992 575 1037 etiam
616 991 970 1038 adieetivorum
1019 1005 1146 1052 quae
1197 1005 1348 1052 supra
1388 992 1673 1039 enumeravi
1713 989 1999 1052 κισσωτός,

423 1062 736 1124 γομφωτός,
786 1061 1076 1123 δικτυωτός
1117 1067 1306 1111 eertum
1354 1064 1419 1111 sit
1465 1066 1686 1113 extitisse
1725 1065 1897 1125 verba,
1943 1081 2000 1112 ex

425 1138 601 1199 quibus
642 1138 866 1186 derivata
907 1140 1035 1185 sunt.
1091 1154 1269 1185 nomen
1309 1140 1476 1185 autem
1514 1138 1678 1199 ipsum
1716 1135 1886 1199 κάσος
1918 1139 1998 1187 vel

426 1208 634 1271 κάσσος
676 1212 809 1272 apud
842 1212 1145 1273 Hesychium
1186 1211 1460 1273 explicatur
1497 1208 1706 1272 ἱμάτιον
1737 1211 1882 1272 παχὺ
1916 1210 2000 1261 καὶ

424 1284 590 1345 τραχὺ
617 1283 978 1346 περιβόλαιον,
1020 1287 1106 1333 cfr.
1132 1285 1360 1334 Wileken
1389 1285 1593 1333 Ostraea
1617 1286 1641 1332 I
1664 1302 1711 1347 p.
1741 1288 1844 1334 225
1874 1287 1999 1347 adn.,

423 1360 511 1420 qui
550 1360 638 1406 has
680 1363 837 1407 vestes
885 1377 942 1406 ex
981 1359 1193 1421 pellibus
1234 1359 1445 1407 ovilibus
1488 1362 1689 1421 paratas
1728 1360 1879 1408 fuisse
1920 1361 1996 1408 de-

423 1436 679 1481 monstrat.
781 1435 917 1481 cuius
972 1433 1106 1481 vocis
1169 1434 1448 1496 exemplum
1511 1450 1643 1482 nune
1702 1435 1888 1497 legitur
1947 1434 1999 1482 in

422 1508 650 1555 Berliner
684 1508 950 1556 Urkzmden
972 1507 1049 1555 ΠΙ
1077 1508 1198 1568 759,
1226 1510 1316 1555 17:
1356 1503 1685 1568 ἀφελόμενοί
1718 1522 1804 1569 μοι

423 1579 506 1628 καὶ
530 1577 738 1641 ἱμάτιον
771 1579 856 1629 καὶ
888 1578 1060 1630 κάσον
1086 1579 1171 1630 καὶ
1203 1578 1460 1642 ἀργυρίου
1493 1578 1734 1642 δραχμὰς
1766 1579 1997 1639 δώδεκα;

421 1658 675 1715 praeterea
732 1656 933 1703 verbum
987 1657 1315 1717 compositum
1368 1671 1498 1702 nuno
1550 1656 1776 1703 novimus
1831 1665 1995 1704 κασο-

421 1726 580 1788 ποιός
620 1730 699 1777 vel
731 1727 1070 1789 κασσοποιός
1103 1746 1160 1776 ex
1191 1730 1426 1777 Flinders
1463 1729 1622 1776 Petrie
1652 1730 1773 1790 Pap.
1806 1730 1879 1790 ΙΙ,
1914 1732 1998 1789 32,

428 1806 473 1861 1,
503 1804 568 1850 10
601 1796 965 1869 (κασοποιός),
999 1803 1226 1851 Wileken
1261 1797 1465 1851 Ostraea
1501 1804 1637 1851 1081
1661 1819 1765 1865 sqq.
1807 1797 1996 1869 (κασο-

421 1873 579 1935 ποιός
613 1879 662 1924 et
692 1872 1074 1943 κασσοποιός),
1109 1878 1194 1925 cfr.
1228 1877 1510 1938 Mayserum
1540 1878 1572 1925 1.
1598 1893 1635 1924 c.
1676 1894 1722 1938 p.
1752 1879 1880 1938 2153
1920 1893 1997 1926 ao-

421 1949 552 1997 eedit
594 1951 736 2011 Oxyr.
778 1952 899 2011 Pap.
938 1951 1119 1998 11389
1162 1947 1419 2014 κασοπ[οι
1447 1947 1557 2015 ...].
1626 1952 1787 1998 forma
1826 1952 1997 2012 κασῆς

421 2023 607 2087 legitur
644 2026 698 2071 in
742 2026 866 2072 Tebt.
906 2026 1026 2085 Pap.
1067 2024 1110 2085 I,
1140 2026 1229 2084 38,
1265 2027 1330 2072 22
1376 2019 1536 2090 (κασῇ
1578 2023 1663 2073 καὶ
1704 2019 1996 2092 μηλωταῖς)

420 2100 470 2144 et
514 2100 611 2145 181
664 2092 818 2163 (τύλη
860 2097 1033 2158 καινή,
1075 2099 1266 2158 κασῆς,
1316 2098 1482 2158 χαλκῆ
1533 2095 1747 2165 χοῖνιξ),
1802 2098 1898 2159 κᾶς
1945 2099 1997 2146 in

424 2170 578 2218 Greek
616 2187 736 2231 pap.
776 2175 836 2232 of
859 2173 931 2221 the
971 2173 1096 2220 Brit.
1138 2174 1274 2220 Mus,
1305 2173 1358 2220 II
1404 2190 1450 2234 p.
1487 2176 1577 2233 11,
1606 2174 1635 2220 5
1679 2166 1798 2238 (κᾶς
1841 2169 1995 2233 ἐφίπ-

423 2239 585 2309 πιος).
664 2261 720 2293 ex
758 2247 1007 2307 prioribus
1039 2247 1345 2308 temporibus
1385 2248 1506 2294 haee
1538 2263 1631 2294 vox
1670 2250 1787 2294 nota
1827 2249 1902 2294 est
1939 2263 1996 2294 ex

423 2319 526 2366 solo
573 2319 897 2381 Xenophonte
944 2318 1122 2382 Gyrop.
1165 2321 1220 2379 8,
1255 2323 1309 2380 3,
1343 2321 1372 2367 6
1422 2319 1619 2386 (κασᾶς
1664 2314 1996 2386 ἐφιππίους).

311 2392 700 2440 καταπονεῑν
747 2395 1014 2454 defatiyare
1067 2395 1124 2441 fr.
1151 2394 1253 2454 I,5
1310 2396 1362 2441 in
1416 2394 1619 2455 papyris
1673 2393 1857 2455 legitur
1911 2393 1996 2441 efr.

422 2464 702 2526 Mayserum
735 2468 764 2513 1.
792 2482 829 2514 o.
861 2484 907 2528 p.
936 2469 1040 2516 407
1068 2467 1252 2532 (Greek
1266 2482 1386 2527 pap.
1414 2468 1541 2515 Brit.
1565 2468 1700 2514 Mus.
1726 2467 1751 2514 I
1774 2484 1821 2528 p.
1849 2462 1995 2534 232).

423 2542 541 2585 nota
581 2543 654 2586 est
694 2556 788 2587 vox
828 2543 976 2588 etiam
1019 2557 1076 2588 ex
1114 2541 1385 2588 Menandro
1419 2534 1579 2605 (Stob.
1620 2540 1723 2589 flor.
1767 2542 1850 2600 29,
1887 2536 1996 2607 19),

422 2611 711 2672 Plutarcho,
750 2613 981 2676 Polybio,
1021 2615 1262 2674 Diodoro,
1309 2615 1427 2674 NT,
1469 2614 1602 2673 aliis,
1650 2630 1706 2661 ex
1746 2614 1995 2663 Atticistis

424 2701 615 2746 quoque
678 2686 821 2735 Dion.
883 2687 1064 2749 Halie.,
1134 2688 1294 2736 Dione
1359 2687 1550 2749 Chrys„
1614 2688 1846 2748 Aeliano,
1909 2689 1994 2735 cfr.

424 2758 500 2805 W.
527 2758 829 2807 Schmidium
868 2761 899 2807 l.
925 2777 964 2809 o.
1004 2762 1027 2807 I
1063 2763 1182 2822 160,
1210 2763 1337 2821 3653
1377 2760 1454 2808 III
1480 2763 1598 2808 244.

311 2829 725 2891 κατατρέχειν
750 2847 868 2882 τινα
907 2834 964 2881 fr.
990 2834 1087 2882 XII
1111 2835 1202 2882 eol.
1229 2835 1251 2881 Ι
1271 2837 1301 2882 3
1350 2835 1595 2883 translata.
1635 2834 1992 2897 significatione

299 2912 306 2922 “·
422 2907 668 2960 insectari,
723 2909 1075 2966 reprehendere.
1169 2910 1237 2956 sio
1290 2910 1479 2970 primus
1533 2908 1735 2956 verbum
1786 2912 1995 2971 usurpat

261 2977 408 3146 (l
