2066 3146
909 88 1225 131 ..xn—

227 232 310 277 frr.
338 231 553 276 41—43
597 221 885 294 (IV—VI),
926 229 992 275 45
1029 219 1221 293 (VIII),
1262 229 1480 276 48—50
1514 225 1799 293 (x—XH),
1842 229 1909 277 52

230 305 371 351 —54
399 296 532 368 (VII,
551 303 689 362 XIII,
704 295 861 368 XIV),
896 302 1110 349 57-59
1139 293 1268 367 (H,I
1297 338 1308 362 ,
1338 302 1391 348 id
1423 304 1497 350 est
1528 318 1585 349 ea
1617 303 1913 365 fragmenta,

227 393 352 438 quae
378 376 493 423 XIV
519 392 749 423 versuum
775 376 1026 423 columnas
1049 374 1232 422 habent
1281 375 1340 422 de
1364 376 1448 422 frr.
1469 377 1684 424 57—-59
1705 371 1780 439 [II
1797 378 1846 422 et
1860 371 1910 441 I]

227 452 359 497 infra
399 467 443 511 p.
470 450 587 496 XVI
605 443 722 515 sq.);
764 449 825 497 ad
858 449 1246 510 disputationem
1285 449 1344 496 de
1384 453 1630 497 senectute
1662 451 1914 512 pertinent

229 526 313 571 frr.
342 525 370 571 5
400 517 634 589 (LXXIII
659 523 748 570 col.
774 523 798 569 I
837 540 881 570 v.
911 515 1131 588 6—10),
1165 523 1195 570 8
1223 515 1406 588 (LXXI
1431 524 1518 570 col.
1536 523 1588 570 II
1627 541 1671 571 v.
1692 517 1914 589 6—„10)‚

232 599 443 645 15-—19
487 594 715 659 (LXXII,
746 595 1280 657 LXXVIII—LXXX,
1306 591 1509 663 LXIX),
1550 613 1675 658 quae
1713 597 1913 644 inferio-

228 688 329 718 rem
374 673 568 717 tantum
616 674 807 732 partem
857 670 1194 717 columnarum
1237 671 1511 731 continent,
1557 672 1615 718 fr.
1658 673 1687 718 2
1730 665 1915 737 (LXVI

229 741 318 809 [11
356 738 575 811 versus])
616 746 665 791 et
707 746 772 792 26
816 742 973 807 (LXV
1013 739 1108 808 [10
1139 737 1357 810 versus])
1395 746 1650 807 proprium
1689 744 1918 792 obtinent

227 819 389 866 locum
437 811 812 883 (testamentum
860 821 908 865 et
955 811 1208 885 epistula).
1286 834 1343 865 ex
1383 820 1532 866 tertio
1572 819 1794 881 lapidum
1837 834 1913 865 or-

226 893 338 939 dine
371 888 610 958 (37—41
641 885 740 958 cm)
778 893 839 939 ad
872 892 1260 953 disputationem
1291 892 1350 939 de
1383 895 1632 940 senectute
1663 893 1917 954 pertinent

226 968 310 1012 frr.
337 968 368 1012 4
395 959 590 1031 (LXX),
635 967 701 1013 10
735 959 1003 1033 (LXXIV),
1046 966 1112 1013 25
1140 959 1406 1031 (LXXXI),
1447 966 1510 1014 ad
1545 967 1810 1028 epistulam
1850 966 1915 1013 ad

227 1042 435 1086 matrem
483 1040 651 1087 datam
698 1040 782 1086 frr.
818 1041 1035 1087 21-24
1077 1033 1267 1105 (LXIII
1306 1042 1355 1087 et
1401 1037 1606 1103 LXIV),
1656 1041 1914 1102 proprium

230 1115 393 1161 locum
426 1116 562 1161 tenet
593 1115 650 1160 fr.
680 1115 709 1160 3
746 1111 909 1178 (LXII
942 1107 1335 1180 [prooemium]).
1392 1131 1448 1160 ex
1481 1116 1659 1175 quarto
1691 1114 1916 1176 lapidum

227 1187 395 1236 ordine
437 1182 677 1253 (33—35
705 1181 805 1254 cm)
847 1189 932 1249 qui
964 1187 1147 1235 servati
1186 1190 1302 1235 sunt
1332 1188 1522 1250 lapides
1556 1204 1721 1236 omnes
1760 1189 1915 1236 maxi·

227 1263 321 1309 mis
361 1262 542 1310 litteris
575 1262 803 1324 inscripti
835 1261 1051 1310 eiusdem
1083 1262 1141 1309 de
1174 1264 1421 1309 senectute
1454 1262 1803 1324 disputationis
1835 1277 1913 1309 co·

226 1337 505 1383 lumnarum
562 1337 865 1397 superiorem
916 1338 1110 1398 partem
1164 1338 1418 1383 continent
1471 1329 1579 1401 (frr.
1616 1338 1644 1383 6
1681 1332 1918 1400 [LXXIII

227 1410 315 1457 col.
341 1410 365 1455 I
409 1411 573 1469 1—5,
614 1409 780 1458 coLII
822 1405 1012 1474 1--5],
1064 1412 1089 1456 7
1134 1405 1316 1474 [LXXI
1355 1411 1443 1458 col.
1469 1411 1495 1457 I
1538 1411 1702 1471 1-5,
1742 1410 1831 1458 col.
1863 1408 1918 1456 II

231 1479 412 1547 1—5],
455 1486 483 1530 9
527 1477 834 1550 [LXVHI]);
874 1485 932 1531 fr.
970 1487 996 1531 1
1034 1477 1267 1551 (LXVII)
1304 1485 1462 1547 igitur
1498 1484 1551 1531 in
1583 1484 1752 1531 eadem
1785 1482 1918 1530 muri

228 1558 492 1605 altitudine
533 1555 768 1620 scriptum
819 1562 970 1619 atque
1009 1558 1062 1604 hi
1101 1560 1151 1606 et
1188 1561 1246 1604 ut
1283 1559 1337 1605 hi
1373 1559 1426 1605 in
1465 1558 1747 1605 inferiorem
1785 1558 1914 1618 lapi-

228 1632 338 1678 dem
377 1635 713 1680 transcurrens
753 1633 959 1679 titulum
990 1633 1137 1679 huius
1176 1633 1234 1679 de
1275 1627 1522 1680 senectute
1562 1632 1917 1693 disputationis

228 1708 418 1766 partem
447 1721 549 1754 esse
581 1708 717 1767 puto,
741 1722 839 1753 non
871 1708 1025 1754 totius
1055 1706 1407 1768 inscriptionis,
1440 1705 1572 1767 quod
1605 1722 1771 1753 omnes
1812 1705 1914 1752 edi-

225 1783 356 1827 tores
397 1780 712 1827 arbitrantur.
1288 1794 1293 1797 ⁴

339 1851 562 1901 Restant
585 1854 823 1902 nonnulla
864 1855 1162 1918 fragmenta,
1203 1871 1329 1916 quae
1369 1871 1479 1902 cum
1517 1870 1678 1915 pauca
1715 1856 1913 1900 tantum

228 1927 421 1975 litteras
461 1928 745 1989 praebeant,
784 1928 969 1975 nullius
1001 1929 1238 1976 momenti
1271 1931 1385 1975 sunt
1417 1931 1465 1975 et
1495 1930 1578 1975 vix
1611 1928 1761 1991 digna
1794 1942 1914 1988 quo-

226 2018 334 2047 rum
398 2002 455 2047 de
519 2002 630 2049 sede
677 2002 969 2063 disputetur.
1053 2002 1333 2065 fragmenta
1397 2004 1462 2049 13
1506 1995 1780 2068 (LXXVI),
1846 2002 1913 2047 14

229 2067 532 2142 (LXXVII),
589 2077 655 2123 33
698 2068 996 2143 (LXXXH),
1059 2079 1122 2123 11
1172 2073 1389 2138 (LXXV,
1452 2092 1481 2123 a
1543 2075 1755 2124 Cousino
1810 2074 1916 2122 solo

229 2152 477 2196 servatum
515 2166 562 2211 p.
591 2140 736 2215 325)
775 2151 1002 2198 maximis
1040 2150 1221 2198 lateris
1254 2149 1438 2212 scripta
1476 2152 1710 2198 nimirum
1750 2149 1915 2210 dispu-

227 2225 407 2270 tationi
462 2223 519 2270 de
575 2226 823 2271 senectute
879 2223 1193 2271 attribuenda
1255 2227 1391 2284 sunt,
1446 2225 1504 2270 fr.
1549 2226 1614 2271 72
1657 2216 1917 2289 (XXXIV)

228 2299 430 2358 propter
475 2313 670 2344 versum
719 2300 947 2358 quintum
995 2298 1258 2358 decimum,
1297 2299 1382 2346 frr.
1412 2299 1478 2345 78
1506 2293 1715 2362 (XXXI)
1757 2298 1805 2342 et
1847 2298 1912 2344 79

229 2363 465 2437 (XXXII)
504 2373 708 2432 propter
749 2373 1093 2435 argumentum
1134 2374 1183 2418 et
1228 2373 1286 2418 fr.
1331 2374 1399 2420 20
1441 2364 1573 2437 (XL,
1622 2387 1649 2417 a
1702 2368 1915 2417 Gousino

230 2445 331 2491 solo
374 2446 623 2491 servatum
663 2462 708 2506 p.
738 2447 803 2492 27
845 2445 1008 2492 media
1031 2439 1101 2512 A)
1142 2446 1184 2492 si
1222 2447 1353 2493 recte
1394 2447 1578 2492 conieci
1616 2441 1683 2491 τὰ
1715 2439 1917 2502 ψυχικὰ

229 2513 394 2578 πάθη,
444 2518 633 2565 ethicae
681 2519 1006 2580 disputationi
1052 2519 1350 2566 vindicanda
1396 2522 1532 2579 sunt,
1581 2519 1638 2565 fr.
1678 2519 1748 2565 40
1789 2509 1918 2581 (III)

228 2595 431 2652 propter
479 2595 824 2655 argumentum
873 2595 922 2639 et
959 2608 1168 2653 parvum
1208 2595 1405 2639 tantum
1446 2607 1595 2653 supra
1634 2591 1915 2638 columnam

228 2664 450 2711 relictum
502 2665 740 2727 spatium,
799 2666 856 2712 fr.
892 2667 958 2712 47
1002 2659 1118 2730 (IX,
1167 2682 1196 2713 a
1247 2665 1457 2713 Gousino
1513 2665 1616 2712 solo
1664 2665 1915 2712 servatum

229 2740 286 2784 fr.
323 2741 389 2786 15
411 2737 471 2804 C)
518 2740 720 2800 propter
775 2743 1121 2802 argumentum
1176 2739 1503 2800 disputationi
1553 2739 1786 2800 physicae
1840 2738 1915 2783 in-

229 2812 433 2859 serenda
481 2815 608 2859 sunt.
687 2815 847 2859 cetera
901 2814 1179 2876 fragmenta
1235 2828 1331 2874 quo
1384 2813 1661 2859 referantur
1715 2826 1915 2874 prorsus

229 2888 470 2933 incertum
528 2888 621 2946 estg
679 2886 828 2933 etiam
885 2887 942 2931 fr.
989 2887 1053 2932 12
1111 2879 1413 2951 (LXXXIII,
1461 2902 1490 2932 a
1546 2884 1759 2932 Cousino
1811 2886 1914 2932 solo
