2066 3146
277 464 355 508 10.

271 1199 351 1242 11.

271 1712 350 1757 12.

270 2006 350 2051 13.

271 2519 350 2563 14.

270 2811 350 2856 15.

916 122 973 128 -
1034 94 1178 138 XLIV
1240 120 1293 125 -

398 236 804 297 διαλεξομένους
838 245 926 284 σοι
959 232 1044 282 καὶ
1076 230 1404 294 κομίζοντας,
1453 248 1557 295 cap.
1592 236 1660 281 43
1711 230 1958 295 ἐκόμιζον

399 351 555 361 .....
597 308 646 359 οἳ
688 308 770 358 καὶ
804 307 1128 369 μετέδωκανς
1169 307 1254 354 cfr.
1297 322 1424 368 quae
1456 307 1820 356 Radermacher
1855 309 1887 356 1.
1914 325 1954 357 c.

396 388 600 434 notavit.

396 461 675 507 Aoristus
723 458 975 520 gnomicus
1021 457 1073 502 in
1122 456 1369 502 sententia
1414 454 1638 515 ponitur,
1678 471 1804 517 quae
1843 458 1955 518 ipsa

396 550 492 581 non
547 530 885 593 comparativa
932 531 1006 577 est
1056 528 1140 576 sed
1194 544 1306 576 cum
1361 530 1729 589 comparatione
1785 530 1956 591 aliqua

396 607 622 655 cohaeret
660 606 718 651 fr.
744 603 951 650 XXXIX
991 603 1080 650 col.
1104 602 1130 649 I
1157 605 1185 650 9
1227 599 1312 649 καὶ
1351 600 1452 662 γὰρ
1494 598 1539 649 εἰ
1571 600 1636 662 μὴ
1671 600 1766 651 τὸν
1808 599 1952 663 ἀριθ-

397 678 495 738 μὸν
527 675 651 727 ἴσον
686 674 792 739 ἔχει
826 715 835 724 .
864 715 873 724 .
902 715 911 723 .
939 715 969 734 .,
1005 672 1119 724 ὀιλλ>
1154 671 1252 724 οὖν
1285 688 1345 732 γε
1483 673 1740 725 διέζωσεν
1774 673 1951 737 οὕτως

396 752 478 801 καὶ
519 749 778 811 ἀντέδησε
819 747 1159 810 οεζμουμένη,
1201 745 1387 809 ὥσπερ
1427 749 1536 797 τῶν
1570 746 1722 798 ὀπῶν
1755 746 1785 798 ὁ
1829 751 1952 811 βρα-
2030 802 2039 819 ‚

396 824 622 886 χύτατος
657 820 898 872 ἄπλατον
931 820 1082 880 γάλα.
1124 824 1208 870 cfr.
1241 823 1493 871 Blassium
1523 824 1555 870 1.
1582 838 1619 870 c.
1645 841 1691 886 p.
1721 826 1841 885 189,
1867 826 1956 886 qui

395 901 535 947 affert
574 899 683 946 Joh.
730 899 811 957 15,
839 900 892 945 6:
934 894 1027 946 ἐὰν
1071 894 1135 957 μή
1177 911 1256 956 τις
1298 894 1445 962 μείνῃ
1489 894 1545 945 ἐν
1587 894 1716 957 ἐμοί,
1758 895 1953 958 ἐβλήθη

394 970 492 1021 ἔξω
542 970 615 1032 ὡς
663 970 725 1020 τὸ
766 971 937 1032 κλῆμα
982 969 1066 1018 καὶ
1108 967 1382 1031 ἐξηράνθη.
1461 972 1674 1020 alterum
1714 973 1953 1020 aoristum

393 1046 670 1111 gnomicum
729 1046 813 1093 sed
873 1045 976 1093 sine
1037 1046 1404 1106 comparatione
1456 1045 1689 1093 adiuncta
1741 1047 1953 1094 fortasse

392 1121 541 1168 habes
580 1123 631 1167 in
672 1120 842 1167 eodem
878 1121 939 1167 fr.
979 1120 1068 1167 col.
1093 1119 1165 1166 IV
1193 1121 1305 1180 2sq.

395 1194 825 1242 Coniunctivus
873 1193 1225 1240 deliberativus
1271 1194 1452 1240 tertiae
1491 1208 1730 1254 personae
1767 1194 1827 1241 fr.
1860 1194 1953 1240 XX

393 1269 480 1316 col.
513 1268 563 1315 II
597 1270 625 1315 9
669 1270 718 1314 et
755 1268 814 1314 fr.
847 1267 1009 1314 XXIX
1048 1267 1137 1314 col.
1162 1266 1188 1313 Ι
1222 1268 1267 1314 3.
1346 1268 1433 1329 qui
1471 1282 1588 1315 usus
1629 1268 1779 1315 etiam
1820 1268 1953 1329 apud

392 1343 587 1390 Atticos
620 1341 881 1403 scriptores
913 1357 1012 1388 non
1044 1342 1243 1388 omnino
1276 1341 1427 1402 deest,
1460 1341 1546 1389 cfr.
1571 1340 1953 1389 Kiihner-Gerth

395 1415 480 1463 Gr.
517 1416 602 1463 Gr.
643 1415 692 1461 II
721 1418 747 1462 1
790 1433 836 1477 p.
873 1418 1000 1476 221,
1048 1415 1244 1476 saepius
1285 1416 1453 1462 autem
1490 1416 1544 1461 in
1585 1430 1805 1463 sermone
1844 1416 1952 1463 vul-

392 1491 501 1553 gari
538 1490 799 1536 invenitur.
871 1505 935 1536 -ex
953 1489 1188 1550 Epicteti
1225 1490 1387 1550 primo
1426 1489 1553 1536 libro
1594 1489 1777 1537 adnoto
1821 1492 1867 1550 9,
1895 1490 1952 1550 63

395 1565 477 1623 13,
503 1564 557 1625 33
599 1564 682 1623 15,
709 1564 761 1622 53
806 1565 888 1623 17,
915 1565 944 1609 2
973 1564 1023 1611 et
1049 1564 1102 1626 33
1146 1565 1229 1623 18,
1257 1564 1325 1611 14
1351 1564 1401 1610 et
1428 1564 1509 1610 19.
1578 1563 1662 1610 cfr.
1702 1563 1951 1611 Blassium

392 1637 422 1683 l.
450 1652 487 1683 c.
526 1653 559 1698 p
602 1638 721 1684 205.

394 1706 465 1758 ἄν
504 1726 621 1758 voce
655 1711 836 1758 omissa
873 1712 927 1757 111
959 1711 1205 1758 sententia
1235 1710 1450 1758 relativa
1482 1706 1824 1758 coniunctivus
1863 1726 1951 1772 po-

391 1786 526 1831 nitur
562 1785 621 1831 fr.
647 1784 718 1830 IV
742 1785 831 1832 col.
857 1784 882 1831 I
909 1787 990 1832 12.
1047 1785 1131 1832 cfr.
1173 1792 1300 1845 quae
1337 1783 1408 1832 ibi
1448 1784 1761 1832 adnotantur.
1819 1784 1951 1846 apud

391 1857 651 1906 Atticistas
691 1874 960 1919 numquam
997 1859 1264 1919 invenitur,
1304 1859 1389 1906 cfr.
1420 1858 1725 1905 Schmidium
1756 1858 1786 1903 1.
1814 1874 1852 1905 ο.
1878 1857 1950 1904 IV

392 1948 437 1992 p.
466 1932 586 1978 621.

389 2000 493 2052 ἵνα
540 2006 931 2052 coniunctionem
979 2007 1130 2053 etiam
1177 2006 1495 2054 antecedente
1541 2008 1762 2067 tempore
1809 2021 1949 2067 prae÷

390 2079 537 2125 terito
592 2094 782 2139 semper
834 2080 1177 2128 coniunctivus
1239 2081 1474 2142 sequitur.
1567 2081 1638 2128 sic
1692 2081 1842 2127 etiam
1895 2079 1951 2127 111

393 2151 487 2197 NT
521 2146 630 2216 (cfr.
663 2152 909 2201 Blassium
939 2155 971 2201 1.
999 2168 1036 2201 c.
1068 2171 1116 2215 p.
1143 2147 1289 2219 216),
1323 2156 1373 2202 et
1397 2154 1529 2216 apud
1556 2153 1805 2201 Aristeam
1838 2146 1949 2220 (cfr.

390 2224 774 2272 Wendlandium
811 2243 857 2287 p.
887 2221 1016 2293 194)
1057 2229 1105 2275 et
1152 2228 1440 2290 plerumque
1480 2228 1613 2289 apud
1651 2227 1948 2289 Epictetum,

392 2299 528 2345 cuius
575 2298 670 2347 duo
714 2301 912 2346 tantum
962 2302 1183 2362 exempla
1234 2302 1448 2363 optativi
1499 2303 1552 2348 in
1598 2302 1759 2348 indice
1805 2302 1951 2348 notat

393 2369 615 2419 Schenkl.
705 2375 878 2420 notum
931 2377 1004 2422 est
1050 2375 1250 2422 modum
1297 2377 1578 2436 optativum
1623 2377 1677 2422 in
1727 2389 1948 2423 sermone

390 2444 584 2507 vulgari
621 2446 863 2506 paulatim
903 2450 1170 2496 evanuisse.

392 2513 554 2565 ὥστε
611 2534 800 2581 semper
857 2536 967 2568 cum
1019 2522 1266 2570 infinitivo
1330 2524 1539 2570 struitur
1601 2523 1802 2584 excepto
1856 2521 1946 2568 XX

392 2590 479 2637 col.
513 2590 561 2637 II
599 2595 686 2651 11,
732 2593 819 2640 ubi
871 2595 1134 2642 manifesto
1182 2598 1430 2644 structura
1477 2613 1576 2644 non
1623 2591 1945 2654 ὑποτακτική

394 2666 468 2710 est
501 2664 585 2711 sed
616 2665 986 2727 παρατακτική.
1026 2683 1143 2716 113113
1167 2670 1402 2733 vulgaris.
1442 2670 1494 2716 in
1517 2669 1717 2718 Aristea
1741 2683 1947 2730 semper,

391 2736 442 2782 in
466 2736 563 2783 NT
588 2739 874 2801 plerumque
898 2740 970 2788 ita
996 2743 1217 2804 struitur,
1242 2744 1327 2790 cfr.
1353 2744 1601 2791 Blassium
1628 2743 1660 2790 1.
1686 2759 1724 2791 c.
1749 2759 1795 2805 p.
1823 2743 1942 2789 219.

391 2806 474 2869 ὡς
513 2803 626 2873 (pro
666 2807 831 2879 ὥστε)
864 2829 973 2861 cum
1004 2815 1250 2863 infinitivo
1283 2819 1503 2865 struitur.
1560 2819 1630 2866 sic
1670 2818 1819 2864 etiam
1858 2829 1946 2876 po·

392 2885 499 2930 etae
540 2886 732 2947 tragici,
771 2885 1071 2949 Herodotus,
1113 2890 1397 2951 Xenophon,
1437 2891 1522 2938 cfr.
1563 2888 1946 2938 Kfihner-Gerth
