2066 3146
908 105 1180 147 -Χ-

201 240 417 311 (XVIII)
450 250 498 293 et
528 247 581 293 in
612 245 670 292 fr.
707 246 772 293 56
809 237 947 310 (XV)
981 245 1267 306 alloquitur,
1304 245 1479 293 deinde
1511 245 1640 307 quod
1673 248 1886 295 secunda

200 335 409 382 persona
431 322 489 366 ut
511 321 564 365 in
587 319 664 366 his
689 319 981 382 fragmentis
1006 320 1076 365 sic
1101 319 1253 365 etiam
1276 319 1334 365 fr.
1355 320 1421 366 39
1449 313 1617 386 (XIX)
1637 337 1681 367 v.
1702 322 1731 368 3
1760 314 1884 387 (πα-

200 390 594 454 ραδεδομένους
642 389 747 440 ὑπὸ
789 391 892 440 σοῦ
935 386 1159 458 λόγους)
1199 394 1432 454 occurrit,
1471 395 1529 441 ut
1565 394 1659 442 1100
1691 410 1884 456 quoque

197 468 531 530 fragmentum
578 469 665 513 aut
712 482 768 513 ex
815 466 1027 526 epistula
1076 468 1162 513 aut
1208 482 1266 513 ex
1311 466 1509 530 dialogo
1558 468 1725 529 aliquo
1781 483 1883 516 esse

198 544 450 602 appareat,
482 542 589 587 tum
620 541 832 586 maxime
865 554 942 600 eo,
977 539 1121 600 quod,
1155 555 1265 587 cum
1295 541 1348 587 in
1380 541 1438 588 fr.
1474 537 1630 604 3773ss
1665 536 1882 608 (XVIII)

194 615 288 662 001.
312 614 339 661 Ι
376 613 618 674 promissa
665 615 729 660 sit
767 614 973 674 physica
1021 613 1292 675 disputatio
1333 614 1391 661 de
1430 616 1885 664 innumerabilitate

197 688 508 746 mundorum,
549 687 773 734 omnibus
812 687 913 734 illis
949 687 1240 750 fragmentis
1278 688 1379 734 tale
1419 691 1493 736 est
1525 692 1884 752 argumentum,

192 762 342 824 quale
391 762 453 808 ad
501 777 609 808 eam
658 762 995 822 quaestionem
1049 763 1233 822 optime
1282 762 1511 823 quadret3
1558 778 1672 810 nam
1720 765 1778 811 fr.
1815 765 1881 811 39

199 830 362 901 (XIX)
396 852 438 882 v.
469 839 498 883 5
531 835 741 898 legimus
774 830 929 896 ὅλ[ον
962 832 1057 883 τὸν
1091 830 1348 899 κό[σ]μον
1382 831 1681 900 ἀναι[ρεῑν],
1715 838 1884 885 eodem

197 911 473 973 fragmento
521 911 660 955 v.14
711 909 769 956 de
815 911 950 956 terra
998 910 1163 972 agitur
1211 903 1386 975 (etiam
1424 911 1733 973 paragraphe
1771 928 1817 959 v.
1854 915 1880 958 1

197 978 424 1046 legitur)3
466 984 523 1030 fr.
558 985 625 1030 46
661 975 821 1048 (XXI)
866 985 1031 1029 autem
1063 984 1308 1044 quomodo
1347 985 1401 1030 in
1431 985 1558 1032 hanc
1590 985 1883 1047 disputatio-

196 1073 309 1104 nem
362 1057 675 1104 inserendum
736 1057 822 1117 sit,
884 1073 971 1105 suo
1025 1057 1132 1105 loco
1197 1057 1434 1118 dicemus,
1495 1058 1574 1106 hic
1636 1062 1756 1106 satis
1812 1063 1885 1107 est
1915 1085 1918 1086 ν

196 1135 246 1179 te
286 1131 348 1177 ad
387 1148 430 1178 v.
467 1133 534 1178 14
576 1127 696 1191 μίαν
745 1127 803 1178 δέ
851 1144 968 1179 τινα
1015 1125 1171 1195 γῆ[ν]·
1208 1147 1461 1192 revocare,
1508 1134 1565 1179 ut
1610 1133 1778 1180 videas
1825 1133 1883 1180 de

192 1221 399 1252 numero
439 1208 684 1252 terrarum
724 1206 808 1268 agi
849 1200 1024 1270 (etiam
1047 1206 1360 1267 paragraphe
1394 1205 1618 1253 adhibita
1642 1200 1753 1272 est).
1810 1209 1879 1254 at-

197 1295 292 1340 que
333 1294 445 1326 cum
485 1279 706 1326 omnium
744 1279 920 1326 horum
959 1280 1351 1341 fragmentorum
1390 1280 1483 1327 hoc
1522 1296 1716 1342 quoque
1757 1296 1883 1329 com-

195 1369 340 1400 mune
387 1354 474 1413 sit,
526 1353 659 1414 quod
709 1354 874 1414 spatia
924 1369 1106 1416 magna
1157 1369 1305 1415 supra
1357 1356 1406 1400 et
1454 1353 1584 1400 infra
1632 1355 1884 1403 columnas

196 1427 371 1474 relicta
408 1430 520 1474 sunt
563 1420 706 1492 (quia
737 1443 836 1475 non
867 1426 1052 1474 habent
1085 1429 1311 1488 quintam
1343 1427 1585 1475 decimam
1614 1429 1798 1476 lineam
1828 1432 1885 1476 ut

195 1501 475 1563 fragmenta
507 1494 690 1566 ethica)
716 1502 778 1548 iis
811 1501 1181 1563 adiungendum
1212 1517 1315 1550 esse
1339 1501 1535 1549 videtur
1552 1503 1703 1549 etiam
1726 1503 1786 1549 fr.
1814 1503 1880 1551 85

197 1567 402 1640 (XVII),
429 1591 524 1635 quo
551 1574 814 1622 secundam
839 1590 1034 1637 quoque
1066 1591 1323 1637 personam
1353 1577 1550 1627 ,111νο1113
1583 1570 1792 1641 (ποθεῖς
1831 1573 1880 1624 ἑ-

197 1643 379 1713 κεῑνο).
421 1649 494 1696 De
519 1650 578 1696 fr.
605 1651 672 1696 82
702 1644 982 1714 (XXVIII),
1017 1649 1147 1710 quod
1186 1652 1353 1696 utrum
1388 1651 1614 1711 quintam
1645 1650 1885 1697 decimam

195 1722 423 1770 habuerit
455 1724 639 1770 lineam
669 1738 820 1770 necne
844 1739 943 1770 non
968 1723 1293 1787 cognoscitur,
1319 1723 1536 1771 dubitari
1567 1726 1753 1786 potest,
1784 1740 1882 1772 res-

197 1812 290 1857 que
331 1812 387 1842 ex
434 1813 489 1844 eo
536 1796 738 1858 pendet,
786 1798 1030 1858 quomodo
1077 1813 1246 1845 versus
1287 1790 1515 1858 ⁴corrupti
1558 1798 1884 1860 suppleantur

197 1864 410 1934 (ethicae
451 1871 777 1932 disputationi
808 1865 1054 1936 attribui).
1118 1872 1306 1919 accedit
1344 1889 1498 1918 unum
1535 1873 1883 1935 fragmentum,

195 1944 328 2004 quod
369 1960 397 1991 a
437 1943 648 1992 Cousino
697 1945 801 1992 solo
849 1949 1101 1993 servatum
1141 1938 1223 2011 (fr.
1261 1947 1328 1993 10
1362 1945 1519 2006 Cous,
1557 1946 1616 1993 fr.
1651 1948 1719 1993 44
1761 1946 1881 1993 Heb.

197 2020 246 2065 et
284 2018 393 2065 Kal.
435 2013 597 2083 [XXD
637 2019 786 2066 nullis
832 2019 1028 2067 indiciis
1074 2020 1374 2067 instructum
1413 2022 1500 2080 est,
1542 2019 1717 2081 quibus
1757 2020 1881 2082 lapi-

197 2091 271 2137 dis
311 2091 519 2139 formam
561 2108 836 2156 cognoscas.
908 2092 992 2140 sed
1031 2099 1142 2140 cum
1181 2094 1269 2141 col.
1299 2093 1352 2140 II
1390 2110 1434 2141 v.
1466 2095 1530 2141 12
1574 2095 1784 2156 scriptor
1823 2093 1882 2141 de

196 2165 286 2212 hoc
325 2166 508 2213 mundo
547 2167 783 2227 loquatur
824 2160 963 2232 (οὐδ>
1004 2163 1097 2215 ὅδε
1138 2163 1168 2215 ὁ
1202 2161 1446 2234 κόσμος),
1486 2169 1739 2229 putaveris
1770 2167 1883 2214 huic

195 2239 378 2286 mundo
419 2241 540 2287 alios
588 2242 842 2302 oppositos
890 2257 1015 2301 0330,
1061 2241 1230 2302 itaque
1270 2242 1361 2289 1100
1402 2258 1595 2303 quoque
1635 2242 1881 2304 fragmen-

195 2316 301 2359 tum
349 2313 675 2374 disputationi
723 2314 782 2362 de
831 2315 1128 2363 mundorum
1180 2315 1635 2362 innumerabilitate
1681 2317 1880 2362 inserui.

194 2388 353 2449 magis
393 2387 697 2436 dubitaveris
735 2405 855 2434 num
894 2389 1032 2435 aliud
1068 2390 1403 2451 fragmentum
1446 2389 1505 2436 ab
1547 2389 1716 2436 eodem
1756 2388 1881 2436 Cou-

194 2462 302 2507 sino
358 2461 462 2508 solo
518 2461 657 2509 nobis
698 2462 937 2508 traditum
985 2455 1066 2527 (fr.
1105 2464 1169 2510 15
1214 2462 1369 2523 Cous,
1412 2463 1475 2511 51
1520 2462 1641 2510 Heb.
1684 2465 1732 2510 et
1771 2462 1882 2509 Kal.

196 2527 385 2599 [XVID
425 2538 555 2582 recte
595 2536 690 2582 huc
729 2536 982 2583 referatur.
1061 2536 1146 2583 sed
1193 2552 1304 2583 cum
1342 2537 1535 2583 nullum
1575 2536 1710 2583 aliud
1749 2537 1879 2597 frag-

194 2609 417 2654 mentum
457 2612 613 2655 exstet
653 2609 1049 2670 quattuordecim
1089 2626 1333 2670 versuum,
1373 2626 1471 2671 quo
1511 2611 1722 2671 scriptor
1762 2609 1881 2655 ami-

197 2696 308 2727 cum
348 2681 564 2742 aliquem
604 2683 910 2743 alloquatur,
958 2683 1055 2729 nisi
1096 2699 1153 2730 ea
1192 2699 1318 2744 quae
1359 2684 1601 2744 epistulae
1639 2683 1777 2730 illius
1819 2682 1880 2729 ad

194 2754 518 2815 Antipatrum
558 2755 701 2803 datae
742 2759 873 2816 sunt,
912 2755 1004 2803 hoc
1046 2772 1238 2817 quoque
1278 2757 1400 2803 mihi
1433 2757 1627 2804 videtur
1664 2757 1742 2803 illi
1781 2759 1879 2817 epi-

195 2827 352 2875 stulae
394 2843 495 2876 esse
535 2828 861 2876 tribuendum.

306 2901 542 2950 Venimus
576 2902 638 2949 ad
669 2902 884 2964 reliquos
916 2903 1104 2964 lapides
1138 2904 1226 2964 qui
1258 2903 1427 2952 eadem
1453 2904 1716 2951 altitudine
1749 2907 1881 2966 sunt,
