2066 3146
856 88 1154 132 -Ἦ-

162 233 282 292 sint,
330 236 495 279 tamen
542 230 673 278 hand
723 245 881 291 pauca
920 229 1138 278 nondum
1177 228 1426 291 expedita,
1473 228 1712 276 nonnulla
1750 245 1847 276 non

163 307 294 353 recte
332 305 586 352 intellecta
618 319 721 351 esse
752 303 875 350 mihi
905 303 1148 350 videntur.
1224 318 1340 350 nam
1375 318 1533 364 neque
1565 304 1846 350 contextum

162 379 324 441 ipsum
365 379 545 439 ubique
577 380 708 425 recte
740 379 1029 439 perceptum
1063 393 1219 437 neque
1252 392 1443 438 semper
1472 376 1620 424 rectis
1652 377 1844 438 supple·

160 454 338 500 mentis
386 455 585 500 auctum
634 466 791 511 neque
838 451 1229 514 fragmentorum
1275 449 1496 498 ordinem
1544 465 1736 512 semper
1773 466 1846 496 re-

161 527 391 574 stitutum
439 541 542 573 esse
588 527 725 586 puto.
810 523 1020 584 accedit,
1070 523 1200 585 quod
1259 523 1318 571 de
1365 524 1603 584 scriptore
1652 540 1845 585 quoque

162 616 247 648 seu
277 599 336 647 de
369 598 689 659 scriptoribus
717 625 783 629 —
817 614 933 645 nam
965 598 1112 645 etiam
1147 597 1301 660 ipsius
1333 598 1538 659 Epicuri
1568 599 1847 662 fragmenta

159 676 355 722 servata
394 676 510 721 sunt
531 699 604 705 —-
627 672 783 720 falsae
814 671 1085 719 nonnullae
1114 673 1173 718 ut
1202 672 1325 718 mihi
1353 671 1583 719 videntur
1612 672 1847 736 vulgatae

158 749 274 795 sunt
313 746 581 808 opiniones.
665 748 922 808 praeterea
960 761 1059 792 non
1096 745 1275 793 inutile
1315 761 1418 793 esse
1457 747 1578 807 puto
1619 761 1732 793 cum
1769 746 1845 793 his

160 836 286 883 quae
324 821 571 884 Diogenes
617 819 821 881 praebet
859 834 1050 880 semper
1089 821 1250 867 cetera
1289 819 1541 867 doctrinae
1574 820 1845 882 Epicureae

159 895 451 942 documenta
476 909 781 955 componere,
813 893 1106 955 praesertim
1130 909 1243 940 cum
1272 893 1365 941 hoc
1389 893 1535 942 modo
1565 893 1617 940 id
1651 909 1845 955 quoque

160 968 319 1016 videri
357 969 535 1029 possit,
590 968 762 1029 quanti
804 983 861 1014 ea
901 967 1208 1015 aestimanda
1247 968 1359 1015 sint.
1445 983 1570 1028 quae
1602 983 1727 1015 vcum
1774 969 1847 1014 ita

158 1044 271 1103 sint,
311 1043 530 1089 animum
575 1041 747 1088 induxi
793 1043 849 1088 ut
887 1041 1124 1105 Diogenis
1171 1041 1451 1104 fragmenta
1496 1057 1552 1089 eo
1601 1043 1688 1102 qui
1724 1041 1848 1088 mihi
1912 1080 1915 1081 γ

157 1115 427 1178 probabilis
462 1131 566 1164 esse
590 1115 841 1163 videretur
865 1116 1034 1163 ordine
1059 1130 1382 1177 proponerem
1408 1117 1457 1163 et
1479 1117 1844 1177 interpretarer.

166 1189 250 1238 sed
290 1191 437 1238 antea
484 1188 543 1238 de
588 1191 979 1254 fragmentorum
1027 1189 1196 1237 ordine
1241 1190 1372 1237 ratio
1411 1189 1660 1237 reddenda
1700 1192 1749 1237 et
1787 1189 1845 1236 de

156 1266 377 1325 personis
417 1266 714 1326 scriptorum
754 1264 873 1324 quid
912 1264 1037 1310 mihi
1075 1263 1305 1311 videatur
1335 1263 1596 1310 dicendum
1636 1266 1721 1311 est.

863 1569 868 1575 ,
884 1529 1046 1593 Caput
1083 1530 1121 1578 Ι.

557 1649 637 1696 Ι)0
677 1649 1031 1697 ordinandis
1070 1623 1442 1711 fragmentis.

266 1781 378 1829 Non
433 1782 597 1830 omnia
660 1783 939 1846 fragmenta
995 1782 1058 1830 ad
1116 1782 1246 1829 idem
1288 1783 1531 1844 scriptum
1585 1782 1844 1843 pertinere,

156 1855 241 1902 sed
287 1855 588 1903 diversorum
639 1857 935 1918 scriptorum
979 1856 1215 1917 reliquias
1269 1855 1421 1903 nobis
1465 1858 1686 1904 servatas
1741 1870 1844 1903 0880

154 1928 257 1975 iam
297 1927 478 1977 Cousin
515 1930 644 1978 vidit
683 1932 732 1978 et
770 1944 858 1978 nos
898 1945 1026 1978 nunc
1065 1931 1117 1977 in
1149 1930 1416 1978 novissima
1450 1929 1665 1977 editione
1695 1929 1844 1976 innisi

156 2003 315 2050 multo
347 2003 522 2052 melius
555 2006 772 2052 statuere
803 2019 1076 2066 possumus.
1124 2004 1294 2066 itaque
1326 2004 1419 2051 1100
1449 2004 1664 2065 primum
1698 2019 1843 2066 agen-

156 2075 273 2123 dum
312 2079 386 2125 est
423 2077 500 2125 1111
540 2079 625 2140 qui
663 2077 722 2126 de
761 2078 837 2127 his
875 2078 1166 2142 fragmentis
1205 2078 1429 2138 disserat,
1468 2080 1526 2124 ut
1563 2092 1652 2126 suo
1693 2077 1844 2138 quod-

156 2165 250 2211 que
288 2151 623 2214 fragmentum
661 2152 967 2200 attribuatur
1004 2154 1201 2214 scripto.
1296 2150 1433 2199 cuius
1479 2151 1698 2199 muneris
1740 2167 1842 2198 ma-

157 2240 307 2285 gnam
361 2228 555 2286 partem
600 2226 701 2273 iam
740 2226 993 2274 solverunt
1033 2225 1265 2287 editores,
1317 2226 1400 2274 sed
1447 2241 1560 2273 cum
1604 2225 1844 2272 nonnulla

154 2297 328 2344 relicta
367 2299 481 2359 sint,
520 2298 578 2347 de
618 2300 710 2348 hac
750 2315 945 2362 quoque
983 2317 1035 2347 re
1075 2299 1216 2348 nobis
1257 2299 1611 2361 disputandum
1650 2300 1739 2346 est.

268 2371 377 2418 Duo
424 2374 477 2419 in
521 2372 812 2435 fragmentis
861 2374 1139 2437 digerendis
1186 2373 1345 2421 nobis·
1385 2373 1658 2421 offeruntur
1702 2388 1841 2433 prae-

156 2443 300 2504 sidia,
339 2447 521 2507 species
561 2446 783 2508 lapidum
816 2450 865 2495 et
896 2450 1254 2510 argumentum.
1323 2447 1380 2494 de
1421 2447 1581 2508 specie
1620 2445 1843 2507 lapidum

155 2518 293 2578 prius
341 2519 585 2581 agendum
639 2522 726 2569 est.
817 2525 964 2582 atque
1023 2537 1121 2569 non
1173 2535 1295 2582 opus
1347 2536 1451 2568 esse
1500 2522 1624 2581 puto
1676 2520 1842 2567 omnia

156 2590 237 2638 1110
268 2590 447 2639 iterum
480 2592 764 2654 describere,
797 2594 883 2642 sed
913 2595 1098 2642 sufficit
1129 2594 1192 2642 ad
1222 2594 1543 2642 novissimam
1576 2593 1837 2641 editionem

156 2660 318 2728 (Ball.
359 2666 417 2712 de
454 2680 573 2713 corr.
623 2668 749 2715 Heu.
790 2666 928 2732 XXI)
984 2671 1033 2716 te
1085 2683 1335 2728 revocare,
1390 2667 1477 2715 ubi
1531 2683 1588 2714 ea
1641 2665 1755 2713 inde
1794 2669 1840 2714 va

155 2752 267 2799 pag.
304 2740 406 2785 348
455 2738 701 2801 descripta
748 2743 798 2788 et
843 2744 1015 2802 postea
1062 2741 1257 2803 depicta
1296 2744 1445 2802 atque
1485 2741 1727 2787 accuratis
1766 2741 1838 2786 in-

155 2809 298 2858 diciis
346 2811 585 2860 instructa
632 2814 836 2862 invenis.
921 2814 1012 2863 hoc
1066 2816 1225 2863 solum
1270 2829 1400 2862 nunc
1446 2813 1703 2861 dicendum
1751 2816 1839 2872 est,

153 2883 434 2947 fragmenta
475 2890 522 2934 et
555 2886 819 2935 altitudine
850 2887 1074 2951 lapidum
1098 2890 1156 2936 et
1175 2887 1526 2952 >magnitudine
1558 2887 1840 2935 litterarum
