2066 3146
900 77 1267 130 „gssffi

236 213 401 253 παθῶν
435 213 509 252 καὶ
541 210 740 260 διάθεσις
770 213 924 262 ψυχῆς
954 211 1008 252 τὸ
1043 210 1159 252 κατὰ
1192 210 1334 263 φύσιν
1366 209 1606 264 ὁρίζουσα;
1649 209 1729 253 cfr.
1755 209 1810 252 fr.
1838 213 1926 252 470

236 270 352 322 πρὸς
383 270 465 321 μὲν
483 267 611 326 <τὸ>
642 271 727 322 τῆς
756 271 910 322 ψυχῆς
942 268 1184 320 ἀξιόλογον
1200 270 1410 322 ταραχὴν
1435 270 1559 312 λύειν
1589 270 1728 312 οὐδὲν
1752 269 1926 322 ἰσχύειν

237 327 338 371 οὐδ’
369 328 394 370 6
412 332 502 379 πᾶς
532 331 732 378 πλοῦτος
764 327 1006 379 συναχθεὶς
1039 327 1086 369 et
1102 326 1274 370 Wotke
1298 326 1327 368 l.
1355 340 1392 370 c.
1420 329 1535 370 sent.
1563 331 1615 370 81
1645 329 1700 371 οὐ
1718 329 1814 372 λύει
1837 330 1926 382 τὴν

236 390 320 440 τῆς
367 390 520 440 ψυχῆς
566 388 775 440 ταραχὴν
816 387 925 429 οὐδέ
949 386 1036 428 τιν’
1071 387 1313 439 ἀξιόλογον
1349 388 1584 440 ἀπογεννᾶ
1627 388 1775 442 χαρὰν
1818 388 1928 431 οὔτε

235 448 436 497 πλοῦτος
460 447 683 499 ὑπάρχων
704 447 729 487 6
750 446 962 497 με’γιστος
985 444 1086 487 οὐδ’
1116 446 1144 498 ἡ
1179 446 1306 500 παρὰ
1343 451 1441 497 τοῖς
1478 449 1665 498 πολλοῖς
1702 449 1810 500 τιμὴ
1851 448 1926 490 καὶ

235 505 517 605 τὲερίβὲεψῖςῦ
536 504 637 605 οὔΙ-ιῖ
679 505 790 547 ἄλλο
822 507 1012 605 {ivit-tint
1029 505 1177 604 9παρὰ
1218 505 1303 556 τὰς
1349 505 1640 559 ἀδιορίστους
1686 505 1835 557 αἰτίας
1880 506 1928 548 et

282 576 363 605 Ol'a
387 578 420 604 11
471 578 486 604 l
521 578 560 605 1⁸1
659 576 795 605 carm.
960 576 999 604 V.
1071 577 1090 605 S
1163 597 1170 603 .

353 637 393 666 v.
421 627 446 665 8
466 636 563 676 sqq.
626 635 684 664 ne
717 621 959 676 epularum
991 577 1181 675 quidffitn
1214 623 1260 664 et
1292 622 1483 666 Veneris
1520 623 1786 678 voluptates
1820 621 1927 665 bea-

235 683 332 723 tam
380 681 560 724 efficere
609 680 754 723 vitam
799 680 1028 736 Epicurus
1077 680 1213 724 docet
1256 694 1328 736 ep.
1359 681 1424 723 III
1469 687 1493 734 ξ
1521 686 1603 724 132
1654 681 1749 739 (Us.
1782 697 1826 737 p.
1854 683 1927 738 64)

235 742 290 784 οὐ
322 742 411 794 γὰρ
443 742 578 784 πότοι
610 743 685 783 καὶ
717 745 863 793 κῶμοι
897 740 1189 794 συνείροντες
1213 741 1315 784 οὐδ’
1353 742 1607 793 ἀπόλαυσις
1638 741 1820 785 παίδων
1852 743 1928 784 καὶ

234 804 469 852 γυναικῶν
502 799 603 843 οὐδ’
627 800 799 853 ἰχθύων
833 802 907 842 καὶ
937 803 1035 842 τῶν
1069 801 1237 853 ἄλλων,
1270 801 1359 843 ὅσα
1385 802 1516 855 φέρει
1540 803 1799 855 πολυτελὴς
1821 801 1929 854 τρά-

234 862 362 913 πεζα,
395 860 479 902 τὸν
510 861 629 912 ἡδὺν
661 863 802 915 γεννᾷ
829 858 946 912 βίον.

354 932 438 975 col.
465 931 540 974 ΠΙ.
590 932 639 974 in
672 931 934 987 supplenda
960 932 1175 975 columna
1200 947 1361 976 ansam
1389 932 1615 988 praebent
1647 934 1695 976 et
1725 932 1928 976 lineolae

235 991 372 1034 initio
406 1004 562 1034 versus
596 991 904 1046 subscriptae,
947 991 1123 1047 quippe
1155 1006 1274 1046 quae
1306 992 1444 1036 finem
1483 992 1821 1036 sententiarum
1859 992 1928 1035 in-

236 1050 409 1105 dicent,
444 1052 490 1093 et
523 1050 675 1105 spatia
707 1052 814 1106 post
847 1065 929 1104 μεν
962 1052 1018 1106 (v.
1046 1052 1103 1107 3),
1139 1055 1253 1105 μεθα
1287 1055 1342 1105 (v.
1371 1053 1434 1107 9),
1467 1055 1526 1095 θα
1559 1053 1615 1108 (v.
1645 1055 1716 1107 13)
1749 1051 1927 1094 relicta.

234 1109 391 1152 Etiam
413 1109 588 1153 lineola
611 1110 803 1153 incurva
829 1111 883 1165 (v.
914 1112 985 1165 12)
1011 1110 1116 1153 usui
1142 1112 1224 1154 est.
1272 1123 1423 1165 neque
1449 1111 1573 1153 enim
1598 1110 1739 1166 plane
1764 1110 1929 1153 eadem

232 1169 279 1211 vi
310 1169 494 1212 videtur
526 1182 625 1212 esse
659 1171 800 1224 atquc
830 1169 1006 1212 lineola
1049 1171 1188 1223 recta,
1231 1170 1356 1224 quod
1394 1171 1565 1226 putant
1596 1169 1711 1213 Heb.
1747 1172 1794 1213 et
1826 1169 1927 1212 Kal.

234 1229 295 1284 (p.
325 1230 446 1284 353),
481 1228 520 1271 si
553 1228 705 1271 acrius
738 1228 933 1284 inspicis
958 1231 1052 1272 tres
1084 1229 1191 1273 illos
1224 1229 1364 1283 locos,
1402 1229 1572 1284 quibus
1607 1229 1664 1272 de
1708 1229 1930 1273 contextu

234 1287 483 1330 diiudicari
522 1289 690 1342 potest.
770 1287 886 1343 (fr.1
926 1288 1035 1344 (HK
1061 1290 1133 1345 59)
1175 1288 1259 1332 col.
1284 1288 1339 1343 II,
1373 1294 1421 1340 43
1485 1288 1540 1331 fr.
1566 1288 1672 1331 XXI
1711 1288 1822 1344 (HK
1854 1289 1927 1344 46)

235 1346 320 1390 col.
345 1346 400 1398 ΙΙ,
429 1351 475 1401 9;
530 1347 583 1389 fr.
611 1346 738 1389 XXV
778 1346 888 1401 (HK
914 1352 991 1401 66,
1030 1350 1101 1404 67)
1143 1347 1228 1392 col.
1261 1347 1325 1391 lV
1367 1351 1452 1404 11).
1523 1361 1633 1391 nam
1673 1347 1770 1390 illis
1814 1346 1929 1390 locis

232 1406 302 1448 ita
335 1406 576 1449 adhibitae
609 1408 729 1461 sunt,
776 1408 828 1449 ut
859 1407 998 1450 finem
1030 1407 1213 1462 periodi
1245 1407 1520 1451 interiectae
1553 1409 1600 1450 et
1630 1420 1929 1464 progressum

234 1466 456 1508 orationis
496 1465 702 1520 quodam
744 1466 880 1509 modo
919 1467 1195 1510 remorantis
1236 1466 1512 1523 significent.
1586 1466 1720 1519 Quod
1769 1480 1929 1520 quam-

233 1538 373 1580 quam
413 1525 614 1567 maxime
653 1525 708 1568 fr.
733 1524 755 1568 Ι
787 1525 897 1581 (ΗΚ
924 1527 995 1582 59)
1036 1527 1253 1581 apparet,
1299 1526 1381 1569 ubi
1421 1539 1593 1581 magna
1632 1524 1928 1581 parenthesis

233 1583 405 1637 finitur,
440 1587 598 1628 tamen
631 1584 797 1628 ceteris
830 1599 1015 1640 quoque
1039 1585 1155 1629 locis
1188 1599 1270 1628 nos
1302 1584 1388 1642 fug
1390 1598 1466 1629 ere
1497 1599 1590 1628 non
1621 1586 1792 1640 potest,
1826 1583 1930 1638 qui-

231 1642 318 1685 bus
351 1643 533 1686 brevior
565 1645 636 1687 est
668 1643 800 1687 colon
831 1644 1129 1688 interiectum
1161 1644 1232 1702 (fr.
1257 1601 1388 1686 XXIg
1397 1644 1509 1701 (ΗΚ
1532 1646 1605 1700 46)
1639 1645 1812 1699 χαίρειν
1845 1644 1930 1697 μὲν

232 1707 374 1746 πᾶσιν
413 1705 626 1755 λέγοντες
673 1703 876 1756 ἰδιώταις
921 1719 972 1747 τε
1019 1708 1094 1748 καὶ
1134 1704 1526 1759 φιλοσόφοις,οἰ
1558 1706 1887 1748 δοκοῦσιν...

234 1764 459 1817 ἀστέρων,
502 1763 743 1816 ἐξάγοντες
775 1765 825 1807 δὲ
859 1767 952 1807 κτλ.
999 1765 1045 1806 et
1083 1762 1137 1805 fr.
1165 1762 1293 1805 XXV
1331 1739 1443 1819 (ΗΚ
1468 1763 1630 1821 66β67)
1671 1762 1745 1805 col
1768 1761 1846 1815 IV,
1874 1765 1927 1804 11

234 1823 290 1864 οὐ
317 1824 411 1875 δὴ.
476 1827 791 1866 ..ποιοῦνται
815 1825 903 1876 τὴν
928 1823 1165 1878 πρόνοιαν,
1193 1826 1530 1867 καταλιποῦσαι
1549 1856 1928 1866 ...........

232 1882 547 1936 γεγέννηνται,
582 1883 697 1925 ἀλλὰ
723 1917 731 1925 .
762 1917 768 1924 .
800 1883 1107 1936 .πράττουσι.
1175 1882 1242 1924 sic
1281 1882 1357 1924 hic
1399 1894 1583 1936 quoque
1623 1896 1662 1923 v.
1693 1886 1745 1923 12
1785 1880 1932 1923 inter-

222 1939 418 1995 positae
451 1940 711 1984 sententiae
742 1940 847 1983 finis
879 1941 1128 1985 indicatur.

353 2013 391 2042 v.
421 2003 474 2041 13
482 1998 504 2057 s
513 2004 567 2042 14
599 1999 667 2042 ita
694 1999 922 2056 supplevi,
954 2002 1007 2042 ut
1032 2000 1086 2043 fr.
1105 1999 1252 2043 XXIV
1284 2000 1368 2044 col.
1387 2000 1451 2043 III
1474 2015 1513 2043 v.
1534 2005 1558 2043 6
1585 2000 1676 2043 huc
1701 1999 1931 2042 referatur

238 2059 382 2110 μόνον
416 2058 456 2101 δ’
488 2061 620 2114 ἀξιῶ,
656 2061 719 2111 ὡς
750 2062 826 2103 καὶ
859 2062 1070 2115 ἕνανχος,
1105 2063 1199 2104 κτλ.

356 2146 597 2191 fr.XXIV
632 2146 717 2190 col.
743 2147 765 2190 I
795 2163 835 2191 v.
864 2153 886 2190 1
921 2148 1117 2191 fortasse
1151 2149 1208 2192 de
1240 2147 1416 2192 talibus
1441 2147 1710 2192 hominibus
1743 2146 1929 2190 locutus

234 2206 336 2247 erat
382 2206 599 2262 scriptor,
649 2206 730 2262 qui
775 2222 898 2251 nunc
945 2208 1135 2263 quidem
1184 2209 1534 2251 contemnerent
1579 2206 1929 2263 philosophiam

234 2263 438 2320 Epicuri,
482 2279 590 2308 mox
632 2268 789 2309 autem
830 2267 1110 2322 procedente
1153 2268 1361 2322 tempore
1407 2267 1467 2310 ad
1508 2266 1642 2310 illam
1684 2264 1930 2309 transituri

239 2325 395 2366 essent
426 2325 487 2379 (οἱ
519 2326 677 2379 χρόνοι
711 2327 919 2382 [αὐτοὺς]
953 2327 1365 2382 παραστήσονται).

292 2440 321 2484 l
349 2398 392 2483 ἦ
419 2387 444 2425 5
479 2385 594 2428 οἴκοι
627 2387 947 2441 καθημένους]
1012 2386 1138 2429 senio
1172 2386 1295 2429 enim
1329 2385 1566 2428 confectus
1601 2385 1670 2426 est
1702 2383 1782 2427 cfr.
1808 2381 1931 2425 {211

234 2455 289 2484 co
422 2457 461 2484 v.
491 2448 624 2498 7sqq.

359 2516 396 2544 v.
427 2506 448 2543 7
483 2501 564 2544 cfr.
589 2501 644 2545 fr.
669 2502 711 2544 II
744 2503 815 2546 col
840 2502 903 2545 VI
934 2518 960 2545 v
1003 2509 1039 2546 1.

354 2575 393 2602 v.
420 2565 445 2603 8
480 2564 540 2615 μὴ
565 2566 706 2605 πᾶσιν
730 2568 827 2614 τοῖς
861 2564 1063 2606 ἐνταῦθα
1097 2565 1248 2619 οὖσιν]
1281 2566 1391 2615 τοὺς
1415 2562 1741 2616 εύσυνκρίτους
1772 2562 1930 2603 αὐτῶν

233 2618 456 2662 adiuvare
497 2634 544 2662 se
585 2619 703 2664 velle
745 2621 860 2664 dicit
898 2621 952 2664 fr.
979 2621 1000 2663 I
1041 2622 1125 2665 col,
1150 2622 1192 2664 ΙΙ
1237 2627 1291 2664 14
1323 2621 1420 2677 (cfr.
1445 2620 1501 2664 fr.
1526 2619 1569 2662 ΙΙ
1601 2619 1685 2663 col.
1711 2619 1775 2661 III
1804 2634 1846 2662 v,
1872 2622 1931 2674 4).

357 2693 398 2721 v.
429 2683 480 2721 12
497 2693 595 2733 sqq.
631 2680 710 2722 cfr.
736 2680 789 2722 fr.
815 2680 856 2722 II
889 2680 974 2724 col.
1001 2680 1042 2722 V
1073 2696 1113 2724 v.
1141 2685 1167 2723 4
1201 2682 1247 2724 et
1277 2681 1332 2723 fr.
1366 2679 1488 2722 LXII
1518 2693 1558 2722 V.
1587 2683 1624 2722 1.

355 2751 440 2795 col.
459 2751 499 2794 H
531 2767 569 2795 v.
589 2757 729 2796 3—11
765 2753 853 2797 hoc
879 2753 1064 2809 Cynicis
1091 2757 1137 2797 et
1163 2754 1330 2797 Stoicis
1363 2752 1557 2809 placuit.
1621 2752 1702 2795 cfr.
1729 2750 1927 2807 exempli

233 2825 381 2853 causa
414 2811 680 2854 Musonium
722 2828 765 2867 p.
793 2817 863 2866 42,
892 2818 914 2856 1
950 2813 1021 2857 ed.
1053 2813 1228 2856 Hense:
1290 2814 1334 2857 τί
1374 2814 1415 2857 δ’
1453 2814 1556 2867 οὐχὶ
1603 2814 1733 2866 κοινὴ
1774 2813 1937 2865 πατρὶς

233 2872 500 2924 ἀνθρώπων
535 2872 757 2915 ἁπάντων
790 2874 815 2914 6
849 2874 1021 2927 κόσμος
1045 2873 1170 2917 ἐστὶν
1202 2875 1360 2929 ὥσπερ
1384 2872 1515 2927 ἠξίου
1552 2872 1816 2926 Σωκράτης
1850 2869 1933 2912 ubi
