2066 3146
781 95 1186 148 —103—

130 226 218 272 col.
243 226 307 270 ΠΙ
343 241 385 270 v.
413 230 439 269 3
480 226 528 269 et
564 224 704 269 huius
747 225 1002 282 fragmenti
1043 226 1127 271 col.
1154 226 1217 270 111
1247 241 1288 269 v.
1316 231 1341 270 9
1383 231 1657 284 βαρεῖσθαι),
1706 229 1826 273 bono

131 287 288 330 am'mo
322 299 442 339 esse,
491 284 699 328 animum
731 284 950 341 colligere
983 285 1114 329 iubet
1145 286 1201 328 de
1235 300 1289 329 ea
1318 300 1368 329 re
1400 287 1499 342 (ἐφ’
1529 287 1598 340 οἷς
1627 290 1828 342 πράττο-

131 347 252 402 μεν),
287 344 510 400 quoniam
542 358 565 386 e
600 344 833 387 contrario
864 343 1040 388 talibus
1071 344 1206 389 bonis
1236 344 1432 389 fruatur.

253 403 338 448 col.
365 403 428 446 III
458 418 500 448 v.
530 407 642 446 1—‘1
677 404 752 448 διὰ
782 404 838 447 τὸ
868 405 980 456 τοὺς
1010 404 1176 459 φίλους
1207 407 1279 449 καὶ
1309 406 1365 449 τὸ
1395 406 1481 448 τὸν
1511 407 1690 461 πατέρα
1714 408 1826 460 πέμ-

128 477 255 509 πειν.
273 497 286 511 .
304 499 315 508 .
335 466 430 508 .καί
461 463 535 507 διὰ
565 467 650 506 τοῦ
677 463 904 515 Κλέωνος.
927 499 934 506 .
957 463 1331 516 ,ἀπεσταλκότος
1379 464 1536 507 variae
1562 465 1826 508 structurae

130 522 245 567 mire
279 523 629 578 componuntur.
686 535 779 564 non
810 521 1011 564 multum
1044 522 1192 577 abest,
1225 523 1338 578 quin
1364 523 1566 579 corrigas
1592 523 1825 579 lapicidae

131 595 333 625 errorem
363 581 411 624 in
444 583 765 628 ἀπεσταλκότα
798 580 913 638 (scil.
945 582 1030 626 τὸν
1060 584 1238 637 πατέρα
1269 583 1343 625 διὰ
1373 587 1458 626 τοῦ
1493 583 1734 639 Κλέωνος).

249 655 292 684 v.
327 645 352 684 9
401 644 647 695 βαρεῖσθαι.
721 640 777 682 de
823 653 935 683 voce
983 639 1063 683 cfr.
1103 640 1253 684 Praef.
1288 656 1332 697 p.
1359 640 1507 684 XXVI
1540 643 1612 698 (=
1648 644 1827 697 βαρέως

129 702 324 755 φέρειν),
373 700 433 742 ad
463 713 561 742 rem
595 698 675 742 cfr.
710 699 765 743 fr.
798 698 941 743 LXIII
974 699 1057 743 col.
1083 699 1148 743 III
1174 705 1286 743 1-3
1321 702 1368 743 et
1399 699 1537 743 huius
1570 699 1826 757 fragmenti

130 759 218 803 col.
244 758 265 801 I
291 763 316 802 9
349 762 396 801 et
428 772 548 815 quae
579 758 647 801 ibi
681 759 989 802 adnotantur.v

247 833 290 861 v.
318 818 417 861 9s10
450 822 738 874 συνχρῆσθαι
769 817 965 873 „intime
996 816 1098 860 uti“
1132 817 1212 861 cfr.
1244 817 1396 861 Praef.
1422 834 1466 874 p.
1493 818 1697 861 XXVIII.

252 908 319 952 fr.
340 906 471 952 LXV
496 906 581 951 col.
606 906 648 950 H
678 922 720 950 v.
748 911 772 949 3
792 921 891 962 sqq.
930 909 1144 950 construe
1177 908 1268 951 ὑπό
1296 922 1346 950 τε
1372 913 1457 951 σοῦ
1491 910 1827 962 συνσταθέντες

129 969 250 1021 αὐτῆ
280 1002 287 1010 .
316 1002 324 1010 .
353 1002 362 1011 .
387 971 472 1010 τοῦ
504 981 556 1010 τε
592 966 851 1021 θαυμασίου
886 967 1036 1021 Κάρου
1070 981 1108 1010 κ.
1141 967 1197 1010 Δ.

248 1040 289 1069 v.
319 1029 373 1068 10
420 1025 525 1070 καθ’
565 1026 620 1069 ὃν
660 1027 831 1080 χρόνον
869 1025 993 1068 redit
1032 1025 1093 1068 ad
1133 1023 1217 1069 col.
1242 1023 1286 1067 Π
1315 1040 1356 1068 v.
1392 1030 1416 1067 2
1451 1026 1659 1070 ἀνενκεῖν
1690 1029 1823 1081 ἡμᾶς.

130 1084 440 1140 comperimus
463 1083 723 1142 Diogenem
753 1084 990 1139 quondam
1022 1086 1344 1142 aegrotantem
1368 1083 1533 1128 Rhodo
1567 1085 1693 1140 apud
1724 1099 1826 1129 mu-

128 1143 294 1189 lierem
326 1144 564 1199 quandam
594 1143 836 1190 habitasse
866 1143 1026 1198 ibique
1059 1158 1082 1186 e
1115 1143 1275 1186 morbo
1308 1143 1610 1187 convaluisse.
1672 1157 1824 1188 nonne

127 1202 226 1246 illis
273 1203 559 1259 temporibus
608 1202 861 1259 epistulam
908 1203 969 1245 ad
1007 1202 1310 1258 Antipatrum
1357 1201 1571 1258 scripsit?
1636 1203 1706 1259 (fr.
1739 1203 1825 1247 XV

128 1262 215 1306 col.
240 1262 284 1306 H
312 1277 355 1307 v.
382 1264 470 1320 10.)

250 1352 319 1395 fr.
344 1351 505 1397 LXVI
535 1350 723 1394 initium
757 1350 1029 1394 testamenti
1060 1364 1160 1393 esse
1189 1350 1390 1395 videtur.

248 1425 289 1454 v.
318 1415 370 1454 11
407 1413 463 1454 ἂν
488 1412 549 1465 μὴ
576 1412 855 1464 διαγένωμαι
880 1409 944 1466 δ’]
981 1409 1037 1452 de
1062 1423 1172 1453 voce
1205 1412 1255 1454 δὲ
1286 1411 1383 1452 tam
1416 1410 1554 1466 longo
1596 1410 1654 1453 ab
1685 1411 1823 1454 initio

131 1470 390 1514 sententiae
430 1472 609 1513 remota
633 1469 722 1513 cfr.
755 1468 809 1512 fr.
843 1468 986 1512 LXIV
1018 1468 1102 1512 col.
1126 1468 1147 1511 1
1173 1474 1198 1511 3
1246 1471 1303 1513 ἂν
1343 1471 1404 1524 μὴ
1446 1469 1719 1524 αἰσθάνηται
1758 1473 1822 1515 δέ.

131 1543 235 1572 cum
266 1542 376 1571 voce
410 1532 485 1573 καὶ
517 1528 766 1571 coniuncta
799 1528 985 1584 saepius
1019 1528 1086 1571 sic
1116 1530 1382 1584 usurpatur.

199 1618 318 1720 lef‘.
335 1618 523 1663 LXVII
556 1631 637 1660 cur
661 1618 750 1660 huc
775 1616 1071 1660 referendum
1096 1629 1196 1661 esse
1220 1620 1447 1673 putarem,
1475 1616 1573 1660 dixi
1596 1608 1646 1660 in
1670 1617 1822 1663 Praef.

128 1692 175 1733 p.
289 1712 296 1720 .

250 1767 318 1811 fr.
343 1766 559 1811 LXVIII
590 1765 701 1809 libri
732 1765 921 1808 initium
953 1779 1050 1808 esse
1080 1765 1281 1808 videtur.
1340 1765 1536 1808 fortasse
1561 1764 1678 1808 talia
1703 1766 1823 1809 dixit

130 1825 348 1882 scriptor:
380 1822 526 1881 saepe,
557 1839 583 1868 ο
607 1825 924 1878 adulescentes,
958 1830 998 1868 et
1021 1839 1150 1882 aeyre
1172 1825 1386 1879 ferebam,
1416 1825 1538 1880 quod
1559 1831 1823 1870 senectutem

128 1885 172 1928 ei
201 1886 283 1941 qui
312 1885 517 1928 nondum
548 1884 705 1941 adepti
733 1890 842 1929 sunt
871 1890 1023 1928 tamen
1053 1890 1286 1937 accusant,
1318 1885 1453 1939 quasi
1474 1885 1700 1929 molestias
1726 1886 1823 1928 eius

129 1945 225 1989 iam
269 1945 579 2000 coynoverint,
625 1949 668 1987 et
692 1980 701 1988 .
722 1979 730 1988 .
752 1979 760 1987 .
781 1978 812 1988 ..
882 1943 1237 1998 insequentibus
1283 1942 1561 2000 fragmentis
1608 1946 1823 1987 senectus

128 2002 410 2046 defenditur.
480 2002 709 2058 Epicurus
756 2017 938 2059 quoque
979 2004 1267 2047 senectutem
1307 2001 1473 2045 laudat
1503 2002 1676 2046 Wotke
1719 2002 1750 2046 1.
1782 2018 1820 2048 c.

127 2064 245 2106 sent.
281 2067 333 2105 17
367 2063 423 2106 οὐ
456 2064 561 2115 νέος
599 2064 919 2118 μακαριστέος,
955 2064 1069 2106 ἀλλὰ
1107 2063 1259 2117 γέρων
1299 2064 1531 2116 βεβιωκὼς
1569 2065 1733 2115 καλῶς.
1795 2066 1822 2107 ὁ

127 2123 217 2177 γὰρ
258 2122 390 2174 ἐντὸς
433 2122 582 2176 ἀκμῆς
626 2124 771 2175 πολὺς
807 2123 900 2166 ὑπὸ
939 2125 1023 2176 τῆς
1052 2123 1197 2176 τύχης
1227 2123 1557 2176 ἑτεροφρονῶν
1587 2122 1820 2167 πλάζεται.

127 2183 155 2225 ὁ
188 2183 239 2225 δὲ
270 2182 422 2236 γέρων
453 2182 658 2235 καθάπερ
692 2182 741 2226 ἐν
772 2183 916 2235 λιμένι
946 2185 1014 2236 τῷ
1047 2181 1170 2237 γήρᾳ
1195 2182 1484 2235 καθώρμικεν
1508 2181 1568 2224 τὰ
1591 2182 1822 2235 πρότερον

128 2241 555 2294 δυσελπιστούμενα
585 2244 684 2284 τῶν
716 2241 906 2294 ἀγαθῶν
939 2241 1140 2295 ἀσφαλεῖ
1171 2240 1470 2292 κατακλείσας
1500 2240 1677 2295 χάρακι.

248 2329 317 2372 fr.
341 2328 511 2372 LXIX
544 2327 783 2372 antecedit
814 2327 1009 2372 fortasse
1052 2328 1212 2385 [καλὸν
1245 2330 1403 2382 μέντοι
1434 2329 1560 2371 ἐστίν
1593 2330 1822 2383 ἀκεραίοις

126 2388 388 2445 χρώμενον]
420 2393 520 2440 ταῖς
550 2388 790 2442 αἰσθήσεσι
822 2391 915 2432 κτλ.
979 2387 1236 2444 Diogenem
1270 2389 1385 2442 puto
1416 2401 1626 2443 pugnare
1659 2390 1820 2431 contra

127 2460 219 2501 eos,
260 2447 341 2502 qui
374 2446 560 2490 senibus
593 2446 778 2503 perdito
811 2446 968 2502 aliquo
1009 2459 1146 2490 sensu
1185 2461 1209 2489 e
1240 2446 1339 2490 vita
1370 2445 1689 2489 decedendum
1721 2462 1818 2490 esse

126 2508 359 2549 censeant.
422 2505 632 2562 profecto
665 2519 717 2549 eo
750 2506 939 2561 quidem
965 2505 1244 2563 fragmento,
1275 2505 1399 2560 quod
1423 2507 1532 2561 post
1554 2504 1642 2549 hoc
1668 2507 1819 2562 posui

126 2565 185 2608 de
218 2565 445 2609 caecitate
478 2565 698 2621 loquitur.

247 2654 317 2699 fr.
341 2653 484 2698 LXX
516 2654 600 2698 col.
627 2654 648 2697 I
685 2668 727 2697 v.
755 2658 779 2696 5
813 2655 987 2707 εὐθέως
1018 2654 1149 2707 dicit,
1185 2654 1319 2708 quasi
1350 2655 1518 2720 pergat
1547 2655 1817 2709 προσθήσω.

243 2727 316 2757 vv.
342 2717 365 2756 7
385 2727 484 2770 sqq.
517 2714 585 2757 sic
615 2712 922 2770 intellegendi
953 2727 1050 2756 esse
1081 2713 1320 2756 videntur:
1353 2711 1423 2766 „si
1447 2712 1552 2768 quis
1581 2712 1819 2756 oculorum
1864 2747 1869 2751 -

125 2771 489 2826 hebetationem,
536 2786 629 2829 qua
675 2785 807 2815 senes
840 2771 1128 2824 afficiuntur
1177 2771 1454 2815 caecitatem
1503 2771 1730 2827 appellet
1778 2773 1816 2815 is

126 2844 259 2875 ovem
290 2830 449 2888 grad-io
481 2832 697 2886 tondeat,
730 2831 760 2875 i.
794 2846 831 2876 e.
863 2832 914 2875 in
944 2845 993 2875 re
1025 2831 1193 2889 exigua
1223 2830 1435 2888 graviore
1467 2833 1629 2874 utatur
1661 2838 1801 2875 voce“
1807 2867 1815 2875 .

125 2890 424 2947 proverbium
456 2890 646 2935 aliunde
676 2891 793 2935 mihi
826 2905 917 2935 non
950 2893 1125 2934 notum.
