<?xml version="1.0" encoding="UTF-8"?>
<!DOCTYPE html PUBLIC "-//W3C//DTD XHTML 1.0 Transitional//EN"
    "http://www.w3.org/TR/xhtml1/DTD/xhtml1-transitional.dtd">
<html xmlns="http://www.w3.org/1999/xhtml" xml:lang="en" lang="en">
 <head>
  <title>
</title>
<meta http-equiv="Content-Type" content="text/html;charset=utf-8" />
  <meta name='ocr-system' content='tesseract 3.04.00' />
  <meta name='ocr-capabilities' content='ocr_page ocr_carea ocr_par ocr_line ocrx_word'/>
</head>
<body>
  <div class='ocr_page' id='page_1' title='image "./fragmentaordinav00dioguoft_0044.png"; bbox 0 0 2066 3146; ppageno 0'>
   <div class='ocr_carea' id='block_1_1' title="bbox 933 133 1246 176">
    <p class='ocr_par' dir='ltr' id='par_1_1' title="bbox 933 133 1246 176">
     <span class='ocr_line' id='line_1_1' title="bbox 933 133 1246 176; baseline 0 -10"><span class='ocrx_word' id='word_1_1' title='bbox 933 133 1246 176; x_wconf 70' lang='lat' dir='ltr'>-XL—</span> 
     </span>
    </p>
   </div>
   <div class='ocr_carea' id='block_1_2' title="bbox 643 302 1536 364">
    <p class='ocr_par' dir='ltr' id='par_1_2' title="bbox 643 302 1536 364">
     <span class='ocr_line' id='line_1_2' title="bbox 643 302 1536 364; baseline 0.001 -15"><span class='ocrx_word' id='word_1_2' title='bbox 643 304 726 350; x_wconf 93' lang='lat' dir='ltr'>IV.</span> <span class='ocrx_word' id='word_1_3' title='bbox 774 303 862 350; x_wconf 87' lang='lat' dir='ltr'>Ad</span> <span class='ocrx_word' id='word_1_4' title='bbox 899 302 1219 350; x_wconf 79' lang='lat' dir='ltr'><strong>flexionem</strong></span> <span class='ocrx_word' id='word_1_5' title='bbox 1260 306 1536 364; x_wconf 87' lang='lat' dir='ltr'>spectant</span> 
     </span>
    </p>
   </div>
   <div class='ocr_carea' id='block_1_3' title="bbox 246 418 1937 1440">
    <p class='ocr_par' dir='ltr' id='par_1_3' title="bbox 246 418 1932 836">
     <span class='ocr_line' id='line_1_3' title="bbox 246 418 1929 481; baseline -0.001 -13"><span class='ocrx_word' id='word_1_6' title='bbox 246 418 865 481; x_wconf 83' lang='grc' dir='ltr'>κατηναγκασμένως</span> <span class='ocrx_word' id='word_1_7' title='bbox 921 422 978 466; x_wconf 86' lang='lat' dir='ltr'>fr.</span> <span class='ocrx_word' id='word_1_8' title='bbox 1018 419 1231 466; x_wconf 91' lang='lat' dir='ltr'>XXXIII</span> <span class='ocrx_word' id='word_1_9' title='bbox 1285 421 1375 468; x_wconf 87' lang='lat' dir='ltr'>col.</span> <span class='ocrx_word' id='word_1_10' title='bbox 1416 421 1467 467; x_wconf 94' lang='lat' dir='ltr'>II</span> <span class='ocrx_word' id='word_1_11' title='bbox 1495 424 1575 469; x_wconf 90' lang='lat'>11.</span> <span class='ocrx_word' id='word_1_12' title='bbox 1665 420 1790 467; x_wconf 89' lang='lat' dir='ltr'>talia</span> <span class='ocrx_word' id='word_1_13' title='bbox 1845 420 1929 467; x_wconf 88' lang='lat' dir='ltr'>ad-</span> 
     </span>
     <span class='ocr_line' id='line_1_4' title="bbox 357 493 1932 558; baseline -0.001 -16"><span class='ocrx_word' id='word_1_14' title='bbox 357 495 524 542; x_wconf 83' lang='lat' dir='ltr'>verbia</span> <span class='ocrx_word' id='word_1_15' title='bbox 550 510 606 541; x_wconf 84' lang='lat' dir='ltr'>ex</span> <span class='ocrx_word' id='word_1_16' title='bbox 630 494 894 555; x_wconf 89' lang='lat' dir='ltr'>participio</span> <span class='ocrx_word' id='word_1_17' title='bbox 928 493 1154 540; x_wconf 85' lang='lat' dir='ltr'>derivata</span> <span class='ocrx_word' id='word_1_18' title='bbox 1185 494 1237 540; x_wconf 92' lang='lat' dir='ltr'>in</span> <span class='ocrx_word' id='word_1_19' title='bbox 1260 495 1459 558; x_wconf 77' lang='lat' dir='ltr'>vulgari</span> <span class='ocrx_word' id='word_1_20' title='bbox 1490 510 1711 542; x_wconf 88' lang='lat' dir='ltr'>sermone</span> <span class='ocrx_word' id='word_1_21' title='bbox 1742 495 1932 541; x_wconf 80' lang='lat' dir='ltr'>usitata</span> 
     </span>
     <span class='ocr_line' id='line_1_5' title="bbox 358 559 1928 632; baseline -0.001 -17"><span class='ocrx_word' id='word_1_22' title='bbox 358 571 485 627; x_wconf 87' lang='lat' dir='ltr'>sunt,</span> <span class='ocrx_word' id='word_1_23' title='bbox 524 570 579 614; x_wconf 93' lang='lat' dir='ltr'>ut</span> <span class='ocrx_word' id='word_1_24' title='bbox 616 570 670 614; x_wconf 92' lang='lat' dir='ltr'>in</span> <span class='ocrx_word' id='word_1_25' title='bbox 709 568 906 615; x_wconf 80' lang='lat' dir='ltr'>Aristea</span> <span class='ocrx_word' id='word_1_26' title='bbox 948 561 1056 632; x_wconf 82' lang='lat' dir='ltr'>(cfr.</span> <span class='ocrx_word' id='word_1_27' title='bbox 1103 567 1315 615; x_wconf 90' lang='lat' dir='ltr'>indicem</span> <span class='ocrx_word' id='word_1_28' title='bbox 1353 568 1672 616; x_wconf 86' lang='lat' dir='ltr'>Wendlandii</span> <span class='ocrx_word' id='word_1_29' title='bbox 1710 585 1756 629; x_wconf 91' lang='lat' dir='ltr'>p.</span> <span class='ocrx_word' id='word_1_30' title='bbox 1800 559 1928 631; x_wconf 87' lang='grc'>221)</span> 
     </span>
     <span class='ocr_line' id='line_1_6' title="bbox 359 638 1932 709; baseline -0.001 -21"><span class='ocrx_word' id='word_1_31' title='bbox 359 638 744 709; x_wconf 82' lang='grc' dir='ltr'>ἀπερριμένως,</span> <span class='ocrx_word' id='word_1_32' title='bbox 799 638 1221 701; x_wconf 81' lang='grc' dir='ltr'>διηλλαγμένως,</span> <span class='ocrx_word' id='word_1_33' title='bbox 1278 638 1577 701; x_wconf 84' lang='grc' dir='ltr'>ἑπομένως,</span> <span class='ocrx_word' id='word_1_34' title='bbox 1626 656 1932 703; x_wconf 88' lang='lat' dir='ltr'>quamquam</span> 
     </span>
     <span class='ocr_line' id='line_1_7' title="bbox 358 715 1931 780; baseline 0.001 -19"><span class='ocrx_word' id='word_1_35' title='bbox 358 731 501 776; x_wconf 90' lang='lat' dir='ltr'>saepe</span> <span class='ocrx_word' id='word_1_36' title='bbox 527 716 677 762; x_wconf 89' lang='lat' dir='ltr'>etiam</span> <span class='ocrx_word' id='word_1_37' title='bbox 700 717 752 761; x_wconf 90' lang='lat' dir='ltr'>in</span> <span class='ocrx_word' id='word_1_38' title='bbox 769 715 1118 763; x_wconf 88' lang='lat' dir='ltr'>Atticistarum</span> <span class='ocrx_word' id='word_1_39' title='bbox 1144 717 1417 763; x_wconf 89' lang='lat' dir='ltr'>orationem</span> <span class='ocrx_word' id='word_1_40' title='bbox 1441 732 1465 763; x_wconf 92' lang='lat' dir='ltr'>e</span> <span class='ocrx_word' id='word_1_41' title='bbox 1490 717 1686 780; x_wconf 84' lang='lat' dir='ltr'>vulgari</span> <span class='ocrx_word' id='word_1_42' title='bbox 1711 730 1931 763; x_wconf 82' lang='lat' dir='ltr'>sermone</span> 
     </span>
     <span class='ocr_line' id='line_1_8' title="bbox 359 790 675 836; baseline -0.006 0"><span class='ocrx_word' id='word_1_43' title='bbox 359 790 675 836; x_wconf 76' lang='lat' dir='ltr'>asciscuntur.</span> 
     </span>
    </p>

    <p class='ocr_par' dir='ltr' id='par_1_4' title="bbox 250 858 1937 1440">
     <span class='ocr_line' id='line_1_9' title="bbox 250 858 1932 926; baseline -0.001 -16"><span class='ocrx_word' id='word_1_44' title='bbox 250 858 643 922; x_wconf 84' lang='grc' dir='ltr'>ἀντιτεθήκει</span> <span class='ocrx_word' id='word_1_45' title='bbox 691 862 850 910; x_wconf 87' lang='lat' dir='ltr'>forma</span> <span class='ocrx_word' id='word_1_46' title='bbox 897 863 954 909; x_wconf 87' lang='lat' dir='ltr'>fr.</span> <span class='ocrx_word' id='word_1_47' title='bbox 989 862 1085 909; x_wconf 95' lang='lat' dir='ltr'>XII</span> <span class='ocrx_word' id='word_1_48' title='bbox 1124 863 1213 910; x_wconf 85' lang='lat' dir='ltr'>eol.</span> <span class='ocrx_word' id='word_1_49' title='bbox 1247 863 1298 909; x_wconf 93' lang='lat' dir='ltr'>II</span> <span class='ocrx_word' id='word_1_50' title='bbox 1334 865 1398 910; x_wconf 89' lang='lat'>13</span> <span class='ocrx_word' id='word_1_51' title='bbox 1442 866 1708 926; x_wconf 85' lang='lat' dir='ltr'>augmento</span> <span class='ocrx_word' id='word_1_52' title='bbox 1748 878 1932 910; x_wconf 82' lang='lat' dir='ltr'>carens,</span> 
     </span>
     <span class='ocr_line' id='line_1_10' title="bbox 359 936 1934 1000; baseline -0.001 -16"><span class='ocrx_word' id='word_1_53' title='bbox 359 937 445 984; x_wconf 87' lang='lat' dir='ltr'>cfr.</span> <span class='ocrx_word' id='word_1_54' title='bbox 476 936 724 983; x_wconf 90' lang='lat' dir='ltr'>Blassium</span> <span class='ocrx_word' id='word_1_55' title='bbox 760 936 846 983; x_wconf 77' lang='lat' dir='ltr'>Gr.</span> <span class='ocrx_word' id='word_1_56' title='bbox 872 937 916 983; x_wconf 80' lang='lat' dir='ltr'>d.</span> <span class='ocrx_word' id='word_1_57' title='bbox 941 936 1050 982; x_wconf 83' lang='lat' dir='ltr'>NT</span> <span class='ocrx_word' id='word_1_58' title='bbox 1076 954 1123 998; x_wconf 91' lang='lat' dir='ltr'>p.</span> <span class='ocrx_word' id='word_1_59' title='bbox 1152 938 1242 984; x_wconf 85' lang='lat'>37:</span> <span class='ocrx_word' id='word_1_60' title='bbox 1287 939 1608 1000; x_wconf 74' lang='lat' dir='ltr'>augmentum</span> <span class='ocrx_word' id='word_1_61' title='bbox 1639 936 1934 998; x_wconf 84' lang='lat' dir='ltr'>syllabicum</span> 
     </span>
     <span class='ocr_line' id='line_1_11' title="bbox 359 1010 1934 1072; baseline 0 -16"><span class='ocrx_word' id='word_1_62' title='bbox 359 1010 833 1072; x_wconf 86' lang='lat' dir='ltr'>plusquamperfecti</span> <span class='ocrx_word' id='word_1_63' title='bbox 891 1010 1056 1058; x_wconf 87' lang='lat' dir='ltr'>deesse</span> <span class='ocrx_word' id='word_1_64' title='bbox 1108 1011 1235 1059; x_wconf 85' lang='lat' dir='ltr'>solet</span> <span class='ocrx_word' id='word_1_65' title='bbox 1284 1011 1336 1057; x_wconf 93' lang='lat' dir='ltr'>in</span> <span class='ocrx_word' id='word_1_66' title='bbox 1386 1010 1495 1057; x_wconf 84' lang='lat' dir='ltr'>NT.</span> <span class='ocrx_word' id='word_1_67' title='bbox 1585 1026 1729 1072; x_wconf 87' lang='lat' dir='ltr'>saepe</span> <span class='ocrx_word' id='word_1_68' title='bbox 1781 1011 1934 1058; x_wconf 89' lang='lat' dir='ltr'>etiam</span> 
     </span>
     <span class='ocr_line' id='line_1_12' title="bbox 359 1083 1934 1146; baseline -0.001 -15"><span class='ocrx_word' id='word_1_69' title='bbox 359 1084 491 1146; x_wconf 86' lang='lat' dir='ltr'>apud</span> <span class='ocrx_word' id='word_1_70' title='bbox 538 1085 821 1146; x_wconf 80' lang='lat' dir='ltr'>Epictetum</span> <span class='ocrx_word' id='word_1_71' title='bbox 869 1084 1018 1131; x_wconf 83' lang='lat' dir='ltr'>deest.</span> <span class='ocrx_word' id='word_1_72' title='bbox 1094 1101 1155 1131; x_wconf 90' lang='lat' dir='ltr'>ne</span> <span class='ocrx_word' id='word_1_73' title='bbox 1203 1084 1264 1131; x_wconf 88' lang='lat' dir='ltr'>ab</span> <span class='ocrx_word' id='word_1_74' title='bbox 1311 1084 1560 1133; x_wconf 89' lang='lat' dir='ltr'>Atticistis</span> <span class='ocrx_word' id='word_1_75' title='bbox 1609 1084 1808 1146; x_wconf 87' lang='lat' dir='ltr'>quidem</span> <span class='ocrx_word' id='word_1_76' title='bbox 1854 1083 1934 1130; x_wconf 88' lang='lat' dir='ltr'>hic</span> 
     </span>
     <span class='ocr_line' id='line_1_13' title="bbox 359 1157 1933 1222; baseline -0.001 -17"><span class='ocrx_word' id='word_1_77' title='bbox 359 1158 579 1222; x_wconf 85' lang='lat' dir='ltr'>vulgaris</span> <span class='ocrx_word' id='word_1_78' title='bbox 603 1173 719 1205; x_wconf 89' lang='lat' dir='ltr'>usus</span> <span class='ocrx_word' id='word_1_79' title='bbox 746 1159 935 1206; x_wconf 89' lang='lat' dir='ltr'>alienus</span> <span class='ocrx_word' id='word_1_80' title='bbox 961 1161 1048 1219; x_wconf 84' lang='lat' dir='ltr'>est,</span> <span class='ocrx_word' id='word_1_81' title='bbox 1074 1159 1159 1206; x_wconf 87' lang='lat' dir='ltr'>cfr.</span> <span class='ocrx_word' id='word_1_82' title='bbox 1188 1157 1492 1205; x_wconf 87' lang='lat' dir='ltr'>Schmidium</span> <span class='ocrx_word' id='word_1_83' title='bbox 1515 1159 1545 1205; x_wconf 88' lang='lat'>1.</span> <span class='ocrx_word' id='word_1_84' title='bbox 1572 1174 1611 1206; x_wconf 90' lang='lat' dir='ltr'>c.</span> <span class='ocrx_word' id='word_1_85' title='bbox 1643 1157 1715 1204; x_wconf 95' lang='lat' dir='ltr'>IV</span> <span class='ocrx_word' id='word_1_86' title='bbox 1738 1175 1784 1219; x_wconf 88' lang='lat' dir='ltr'>p.</span> <span class='ocrx_word' id='word_1_87' title='bbox 1814 1159 1933 1206; x_wconf 87' lang='lat'>591.</span> 
     </span>
     <span class='ocr_line' id='line_1_14' title="bbox 360 1231 1936 1294; baseline 0 -16"><span class='ocrx_word' id='word_1_88' title='bbox 360 1232 599 1279; x_wconf 90' lang='lat' dir='ltr'>nonnulla</span> <span class='ocrx_word' id='word_1_89' title='bbox 631 1233 853 1294; x_wconf 82' lang='lat' dir='ltr'>exempla</span> <span class='ocrx_word' id='word_1_90' title='bbox 886 1232 1017 1294; x_wconf 86' lang='lat' dir='ltr'>apud</span> <span class='ocrx_word' id='word_1_91' title='bbox 1052 1232 1185 1294; x_wconf 86' lang='lat' dir='ltr'>ipsos</span> <span class='ocrx_word' id='word_1_92' title='bbox 1218 1231 1412 1280; x_wconf 89' lang='lat' dir='ltr'>Atticos</span> <span class='ocrx_word' id='word_1_93' title='bbox 1445 1234 1709 1293; x_wconf 88' lang='lat' dir='ltr'>scriptores</span> <span class='ocrx_word' id='word_1_94' title='bbox 1747 1231 1936 1279; x_wconf 87' lang='lat' dir='ltr'>inveni-</span> 
     </span>
     <span class='ocr_line' id='line_1_15' title="bbox 360 1305 1937 1367; baseline -0.001 -15"><span class='ocrx_word' id='word_1_95' title='bbox 360 1308 524 1365; x_wconf 83' lang='lat' dir='ltr'>untur,</span> <span class='ocrx_word' id='word_1_96' title='bbox 573 1323 697 1367; x_wconf 89' lang='lat' dir='ltr'>quae</span> <span class='ocrx_word' id='word_1_97' title='bbox 743 1307 916 1354; x_wconf 86' lang='lat' dir='ltr'>tollere</span> <span class='ocrx_word' id='word_1_98' title='bbox 970 1307 1079 1354; x_wconf 84' lang='lat' dir='ltr'>vult</span> <span class='ocrx_word' id='word_1_99' title='bbox 1131 1306 1502 1354; x_wconf 79' lang='lat' dir='ltr'>Kiihner-Blass</span> <span class='ocrx_word' id='word_1_100' title='bbox 1560 1306 1645 1354; x_wconf 78' lang='lat' dir='ltr'>Gr.</span> <span class='ocrx_word' id='word_1_101' title='bbox 1689 1305 1777 1353; x_wconf 79' lang='lat' dir='ltr'>Gr.</span> <span class='ocrx_word' id='word_1_102' title='bbox 1823 1305 1849 1352; x_wconf 91' lang='lat' dir='ltr'>I</span> <span class='ocrx_word' id='word_1_103' title='bbox 1889 1307 1937 1364; x_wconf 93' lang='grc'>2,</span> 
     </span>
     <span class='ocr_line' id='line_1_16' title="bbox 360 1382 1414 1440; baseline -0.005 -15"><span class='ocrx_word' id='word_1_104' title='bbox 360 1396 406 1440; x_wconf 92' lang='lat' dir='ltr'>p.</span> <span class='ocrx_word' id='word_1_105' title='bbox 435 1382 554 1428; x_wconf 85' lang='lat'>219.</span> <span class='ocrx_word' id='word_1_106' title='bbox 1404 1407 1414 1420; x_wconf 63' lang='grc'>,</span> 
     </span>
    </p>
   </div>
   <div class='ocr_carea' id='block_1_4' title="bbox 685 1558 1495 1622">
    <p class='ocr_par' dir='ltr' id='par_1_5' title="bbox 685 1558 1495 1622">
     <span class='ocr_line' id='line_1_17' title="bbox 685 1558 1495 1622; baseline 0.001 -18"><span class='ocrx_word' id='word_1_107' title='bbox 685 1559 744 1605; x_wconf 88' lang='lat' dir='ltr'>V.</span> <span class='ocrx_word' id='word_1_108' title='bbox 803 1558 1158 1607; x_wconf 84' lang='lat' dir='ltr'>Structurae</span> <span class='ocrx_word' id='word_1_109' title='bbox 1198 1559 1495 1622; x_wconf 84' lang='lat' dir='ltr'>vulgares.</span> 
     </span>
    </p>
   </div>
   <div class='ocr_carea' id='block_1_5' title="bbox 293 1671 1945 2995">
    <p class='ocr_par' dir='ltr' id='par_1_6' title="bbox 293 1671 1945 2995">
     <span class='ocr_line' id='line_1_18' title="bbox 293 1671 1938 1740; baseline 0 -18"><span class='ocrx_word' id='word_1_110' title='bbox 293 1680 338 1723; x_wconf 91' lang='lat'>1.</span> <span class='ocrx_word' id='word_1_111' title='bbox 378 1673 517 1737; x_wconf 80' lang='grc' dir='ltr'>παρ&gt;</span> <span class='ocrx_word' id='word_1_112' title='bbox 566 1674 844 1738; x_wconf 79' lang='grc' dir='ltr'>ἐμαυτόν</span> <span class='ocrx_word' id='word_1_113' title='bbox 893 1679 951 1726; x_wconf 87' lang='lat' dir='ltr'>fr.</span> <span class='ocrx_word' id='word_1_114' title='bbox 985 1677 1036 1725; x_wconf 89' lang='lat' dir='ltr'><strong>H</strong></span> <span class='ocrx_word' id='word_1_115' title='bbox 1083 1677 1172 1725; x_wconf 88' lang='lat' dir='ltr'>col.</span> <span class='ocrx_word' id='word_1_116' title='bbox 1205 1676 1277 1724; x_wconf 89' lang='lat' dir='ltr'>IV</span> <span class='ocrx_word' id='word_1_117' title='bbox 1313 1679 1339 1723; x_wconf 89' lang='lat'>1</span> <span class='ocrx_word' id='word_1_118' title='bbox 1391 1673 1569 1724; x_wconf 90' lang='grc' dir='ltr'>πάντα</span> <span class='ocrx_word' id='word_1_119' title='bbox 1617 1671 1764 1740; x_wconf 74' lang='grc' dir='ltr'>[τὰῬ]</span> <span class='ocrx_word' id='word_1_120' title='bbox 1814 1672 1938 1735; x_wconf 76' lang='grc' dir='ltr'>παρ’</span> 
     </span>
     <span class='ocr_line' id='line_1_19' title="bbox 379 1747 1940 1811; baseline -0.002 -12"><span class='ocrx_word' id='word_1_121' title='bbox 379 1748 609 1811; x_wconf 80' lang='grc' dir='ltr'>ἐμαυτὸν</span> <span class='ocrx_word' id='word_1_122' title='bbox 643 1747 907 1811; x_wconf 83' lang='grc' dir='ltr'>ἔπραττον</span> <span class='ocrx_word' id='word_1_123' title='bbox 942 1747 1008 1800; x_wconf 88' lang='grc' dir='ltr'>ἄν</span> <span class='ocrx_word' id='word_1_124' title='bbox 1033 1753 1197 1799; x_wconf 74' lang='lat' dir='ltr'>omnia</span> <span class='ocrx_word' id='word_1_125' title='bbox 1228 1752 1451 1810; x_wconf 77' lang='lat' dir='ltr'>facerem,</span> <span class='ocrx_word' id='word_1_126' title='bbox 1483 1765 1607 1810; x_wconf 73' lang='lat' dir='ltr'>quae</span> <span class='ocrx_word' id='word_1_127' title='bbox 1636 1752 1690 1798; x_wconf 71' lang='lat' dir='ltr'>in</span> <span class='ocrx_word' id='word_1_128' title='bbox 1721 1764 1829 1796; x_wconf 82' lang='lat' dir='ltr'>mea</span> <span class='ocrx_word' id='word_1_129' title='bbox 1851 1764 1940 1808; x_wconf 77' lang='lat' dir='ltr'>po-</span> 
     </span>
     <span class='ocr_line' id='line_1_20' title="bbox 378 1823 1941 1873; baseline -0.002 -2"><span class='ocrx_word' id='word_1_130' title='bbox 378 1829 542 1872; x_wconf 73' lang='lat' dir='ltr'>testate</span> <span class='ocrx_word' id='word_1_131' title='bbox 589 1829 752 1873; x_wconf 71' lang='lat' dir='ltr'>essent.</span> <span class='ocrx_word' id='word_1_132' title='bbox 846 1825 909 1872; x_wconf 87' lang='lat' dir='ltr'>ad</span> <span class='ocrx_word' id='word_1_133' title='bbox 961 1826 1089 1872; x_wconf 86' lang='lat' dir='ltr'>hanc</span> <span class='ocrx_word' id='word_1_134' title='bbox 1150 1827 1453 1873; x_wconf 81' lang='lat' dir='ltr'>structuram</span> <span class='ocrx_word' id='word_1_135' title='bbox 1514 1825 1736 1872; x_wconf 88' lang='lat' dir='ltr'>conferas</span> <span class='ocrx_word' id='word_1_136' title='bbox 1790 1823 1941 1871; x_wconf 88' lang='lat' dir='ltr'>velim</span> 
     </span>
     <span class='ocr_line' id='line_1_21' title="bbox 379 1894 1940 1960; baseline -0.001 -15"><span class='ocrx_word' id='word_1_137' title='bbox 379 1899 598 1960; x_wconf 75' lang='lat' dir='ltr'>Epicteti</span> <span class='ocrx_word' id='word_1_138' title='bbox 645 1899 758 1947; x_wconf 86' lang='lat' dir='ltr'>diss.</span> <span class='ocrx_word' id='word_1_139' title='bbox 805 1899 856 1946; x_wconf 95' lang='lat' dir='ltr'>II</span> <span class='ocrx_word' id='word_1_140' title='bbox 889 1902 936 1959; x_wconf 85' lang='grc'>2,</span> <span class='ocrx_word' id='word_1_141' title='bbox 970 1901 1039 1947; x_wconf 87' lang='grc'>20</span> <span class='ocrx_word' id='word_1_142' title='bbox 1088 1895 1131 1946; x_wconf 90' lang='grc' dir='ltr'>εἰ</span> <span class='ocrx_word' id='word_1_143' title='bbox 1179 1896 1280 1959; x_wconf 88' lang='grc' dir='ltr'>γὰρ</span> <span class='ocrx_word' id='word_1_144' title='bbox 1330 1898 1705 1958; x_wconf 84' lang='grc' dir='ltr'>σταυρωθῆναι</span> <span class='ocrx_word' id='word_1_145' title='bbox 1754 1894 1940 1956; x_wconf 81' lang='grc' dir='ltr'>Θέλεις,</span> 
     </span>
     <span class='ocr_line' id='line_1_22' title="bbox 381 1967 1940 2033; baseline -0.001 -13"><span class='ocrx_word' id='word_1_146' title='bbox 381 1969 583 2022; x_wconf 78' lang='grc' dir='ltr'>ἔκδεξαι</span> <span class='ocrx_word' id='word_1_147' title='bbox 624 1971 707 2021; x_wconf 85' lang='grc' dir='ltr'>καὶ</span> <span class='ocrx_word' id='word_1_148' title='bbox 746 1969 855 2032; x_wconf 85' lang='grc' dir='ltr'>ἥξει</span> <span class='ocrx_word' id='word_1_149' title='bbox 896 1969 926 2020; x_wconf 89' lang='grc' dir='ltr'>ὁ</span> <span class='ocrx_word' id='word_1_150' title='bbox 965 1970 1224 2033; x_wconf 86' lang='grc' dir='ltr'>σταυρός·</span> <span class='ocrx_word' id='word_1_151' title='bbox 1267 1969 1310 2020; x_wconf 88' lang='grc' dir='ltr'>εἰ</span> <span class='ocrx_word' id='word_1_152' title='bbox 1350 1968 1396 2019; x_wconf 77' lang='grc' dir='ltr'>δ’</span> <span class='ocrx_word' id='word_1_153' title='bbox 1429 1968 1734 2020; x_wconf 84' lang='grc' dir='ltr'>ὑπακοῦσαι</span> <span class='ocrx_word' id='word_1_154' title='bbox 1775 1967 1940 2030; x_wconf 86' lang='grc' dir='ltr'>λόγος</span> 
     </span>
     <span class='ocr_line' id='line_1_23' title="bbox 383 2038 1941 2112; baseline -0.001 -18"><span class='ocrx_word' id='word_1_155' title='bbox 383 2043 518 2106; x_wconf 82' lang='grc' dir='ltr'>αἱρεῖ</span> <span class='ocrx_word' id='word_1_156' title='bbox 542 2044 626 2094; x_wconf 88' lang='grc' dir='ltr'>καὶ</span> <span class='ocrx_word' id='word_1_157' title='bbox 650 2047 833 2095; x_wconf 84' lang='grc' dir='ltr'>πεῖσαι</span> <span class='ocrx_word' id='word_1_158' title='bbox 866 2045 927 2095; x_wconf 91' lang='grc' dir='ltr'>τό</span> <span class='ocrx_word' id='word_1_159' title='bbox 955 2060 1014 2104; x_wconf 87' lang='grc' dir='ltr'>γε</span> <span class='ocrx_word' id='word_1_160' title='bbox 1040 2043 1164 2107; x_wconf 81' lang='grc' dir='ltr'>παρ’</span> <span class='ocrx_word' id='word_1_161' title='bbox 1193 2043 1358 2094; x_wconf 80' lang='grc' dir='ltr'>αὐτόν</span> <span class='ocrx_word' id='word_1_162' title='bbox 1392 2039 1504 2112; x_wconf 87' lang='lat' dir='ltr'>(pro</span> <span class='ocrx_word' id='word_1_163' title='bbox 1540 2038 1800 2111; x_wconf 81' lang='grc' dir='ltr'>σεαυτόν)</span> <span class='ocrx_word' id='word_1_164' title='bbox 1833 2043 1941 2099; x_wconf 89' lang='grc' dir='ltr'>κτλ,</span> 
     </span>
     <span class='ocr_line' id='line_1_24' title="bbox 381 2115 1942 2182; baseline -0.001 -15"><span class='ocrx_word' id='word_1_165' title='bbox 381 2120 632 2168; x_wconf 84' lang='lat' dir='ltr'>Plutarchi</span> <span class='ocrx_word' id='word_1_166' title='bbox 665 2121 770 2168; x_wconf 86' lang='lat' dir='ltr'>Nic.</span> <span class='ocrx_word' id='word_1_167' title='bbox 804 2124 853 2168; x_wconf 88' lang='lat' dir='ltr'>et</span> <span class='ocrx_word' id='word_1_168' title='bbox 888 2120 1050 2168; x_wconf 85' lang='lat' dir='ltr'>Crassi</span> <span class='ocrx_word' id='word_1_169' title='bbox 1082 2137 1237 2182; x_wconf 91' lang='lat' dir='ltr'>comp.</span> <span class='ocrx_word' id='word_1_170' title='bbox 1271 2137 1319 2182; x_wconf 90' lang='lat' dir='ltr'>p.</span> <span class='ocrx_word' id='word_1_171' title='bbox 1347 2121 1487 2168; x_wconf 81' lang='lat' dir='ltr'>566e</span> <span class='ocrx_word' id='word_1_172' title='bbox 1529 2119 1705 2168; x_wconf 79' lang='grc' dir='ltr'>δοκῶν</span> <span class='ocrx_word' id='word_1_173' title='bbox 1733 2158 1742 2166; x_wconf 97' lang='grc'><strong><em>.</em></strong></span> <span class='ocrx_word' id='word_1_174' title='bbox 1770 2158 1779 2167; x_wconf 98' lang='grc'><strong>.</strong></span> <span class='ocrx_word' id='word_1_175' title='bbox 1808 2157 1816 2166; x_wconf 96' lang='grc'><strong>.</strong></span> <span class='ocrx_word' id='word_1_176' title='bbox 1845 2157 1854 2166; x_wconf 91' lang='grc'><strong>.</strong></span> <span class='ocrx_word' id='word_1_177' title='bbox 1880 2115 1942 2166; x_wconf 87' lang='grc' dir='ltr'>τὸ</span> 
     </span>
     <span class='ocr_line' id='line_1_25' title="bbox 381 2190 1943 2255; baseline -0.002 -14"><span class='ocrx_word' id='word_1_178' title='bbox 381 2190 505 2253; x_wconf 80' lang='grc' dir='ltr'>παρ’</span> <span class='ocrx_word' id='word_1_179' title='bbox 554 2191 718 2243; x_wconf 83' lang='grc' dir='ltr'>αὑτὸν</span> <span class='ocrx_word' id='word_1_180' title='bbox 767 2191 1090 2255; x_wconf 85' lang='grc' dir='ltr'>ἀποστερεῖν</span> <span class='ocrx_word' id='word_1_181' title='bbox 1147 2191 1389 2254; x_wconf 86' lang='grc' dir='ltr'>Σικελίας</span> <span class='ocrx_word' id='word_1_182' title='bbox 1440 2192 1537 2253; x_wconf 89' lang='grc' dir='ltr'>τὴν</span> <span class='ocrx_word' id='word_1_183' title='bbox 1584 2190 1765 2248; x_wconf 90' lang='grc' dir='ltr'>πόλιν,</span> <span class='ocrx_word' id='word_1_184' title='bbox 1813 2193 1943 2239; x_wconf 88' lang='lat' dir='ltr'>idem</span> 
     </span>
     <span class='ocr_line' id='line_1_26' title="bbox 384 2262 1940 2331; baseline -0.001 -17"><span class='ocrx_word' id='word_1_185' title='bbox 384 2267 442 2314; x_wconf 87' lang='lat' dir='ltr'>de</span> <span class='ocrx_word' id='word_1_186' title='bbox 484 2267 630 2315; x_wconf 84' lang='lat' dir='ltr'>Stoio.</span> <span class='ocrx_word' id='word_1_187' title='bbox 672 2285 843 2316; x_wconf 90' lang='lat' dir='ltr'>comm.</span> <span class='ocrx_word' id='word_1_188' title='bbox 888 2274 989 2316; x_wconf 89' lang='lat' dir='ltr'>not.</span> <span class='ocrx_word' id='word_1_189' title='bbox 1030 2286 1076 2331; x_wconf 91' lang='lat' dir='ltr'>p.</span> <span class='ocrx_word' id='word_1_190' title='bbox 1106 2271 1287 2317; x_wconf 85' lang='lat' dir='ltr'>1071a</span> <span class='ocrx_word' id='word_1_191' title='bbox 1334 2264 1511 2316; x_wconf 87' lang='grc' dir='ltr'>πάντα</span> <span class='ocrx_word' id='word_1_192' title='bbox 1549 2265 1616 2315; x_wconf 87' lang='grc' dir='ltr'>τὰ</span> <span class='ocrx_word' id='word_1_193' title='bbox 1656 2262 1780 2326; x_wconf 76' lang='grc' dir='ltr'>παρ’</span> <span class='ocrx_word' id='word_1_194' title='bbox 1820 2262 1940 2313; x_wconf 84' lang='grc' dir='ltr'>ἑαυ-</span> 
     </span>
     <span class='ocr_line' id='line_1_27' title="bbox 383 2335 1941 2400; baseline -0.002 -11"><span class='ocrx_word' id='word_1_195' title='bbox 383 2339 478 2389; x_wconf 89' lang='grc' dir='ltr'>τὸν</span> <span class='ocrx_word' id='word_1_196' title='bbox 518 2342 691 2390; x_wconf 85' lang='grc' dir='ltr'>ποιεῖν</span> <span class='ocrx_word' id='word_1_197' title='bbox 733 2340 963 2392; x_wconf 82' lang='grc' dir='ltr'>ἕκαστον</span> <span class='ocrx_word' id='word_1_198' title='bbox 1001 2340 1157 2391; x_wconf 82' lang='grc' dir='ltr'>ἕνεκα</span> <span class='ocrx_word' id='word_1_199' title='bbox 1194 2342 1292 2390; x_wconf 81' lang='grc' dir='ltr'>τοῦ</span> <span class='ocrx_word' id='word_1_200' title='bbox 1325 2338 1607 2400; x_wconf 85' lang='grc' dir='ltr'>τυγχάνειν</span> <span class='ocrx_word' id='word_1_201' title='bbox 1647 2340 1756 2388; x_wconf 86' lang='grc' dir='ltr'>τῶν</span> <span class='ocrx_word' id='word_1_202' title='bbox 1797 2335 1941 2399; x_wconf 86' lang='grc' dir='ltr'>πρώ-</span> 
     </span>
     <span class='ocr_line' id='line_1_28' title="bbox 382 2412 1943 2478; baseline -0.001 -16"><span class='ocrx_word' id='word_1_203' title='bbox 382 2429 491 2463; x_wconf 90' lang='grc' dir='ltr'>των</span> <span class='ocrx_word' id='word_1_204' title='bbox 532 2413 665 2463; x_wconf 86' lang='grc' dir='ltr'>κατὰ</span> <span class='ocrx_word' id='word_1_205' title='bbox 705 2413 887 2477; x_wconf 81' lang='grc' dir='ltr'>φύσιν.</span> <span class='ocrx_word' id='word_1_206' title='bbox 944 2416 1122 2478; x_wconf 89' lang='lat' dir='ltr'>quibus</span> <span class='ocrx_word' id='word_1_207' title='bbox 1161 2416 1281 2464; x_wconf 88' lang='lat' dir='ltr'>locis</span> <span class='ocrx_word' id='word_1_208' title='bbox 1322 2415 1443 2477; x_wconf 84' lang='lat' dir='ltr'>quid</span> <span class='ocrx_word' id='word_1_209' title='bbox 1475 2414 1754 2477; x_wconf 88' lang='lat' dir='ltr'>significent</span> <span class='ocrx_word' id='word_1_210' title='bbox 1793 2412 1943 2460; x_wconf 88' lang='lat' dir='ltr'>verba</span> 
     </span>
     <span class='ocr_line' id='line_1_29' title="bbox 383 2485 1944 2550; baseline -0.002 -14"><span class='ocrx_word' id='word_1_211' title='bbox 383 2486 446 2536; x_wconf 90' lang='grc' dir='ltr'>τὸ</span> <span class='ocrx_word' id='word_1_212' title='bbox 494 2486 618 2549; x_wconf 84' lang='grc' dir='ltr'>παρ’</span> <span class='ocrx_word' id='word_1_213' title='bbox 666 2487 831 2539; x_wconf 85' lang='grc' dir='ltr'>αὑτόν</span> <span class='ocrx_word' id='word_1_214' title='bbox 879 2495 928 2538; x_wconf 86' lang='lat' dir='ltr'>et</span> <span class='ocrx_word' id='word_1_215' title='bbox 974 2488 1039 2538; x_wconf 87' lang='grc' dir='ltr'>τὰ</span> <span class='ocrx_word' id='word_1_216' title='bbox 1078 2486 1202 2550; x_wconf 81' lang='grc' dir='ltr'>παρ’</span> <span class='ocrx_word' id='word_1_217' title='bbox 1251 2485 1445 2538; x_wconf 88' lang='grc' dir='ltr'>ἑαυτόν</span> <span class='ocrx_word' id='word_1_218' title='bbox 1492 2489 1803 2550; x_wconf 85' lang='lat' dir='ltr'>perspicuum</span> <span class='ocrx_word' id='word_1_219' title='bbox 1856 2491 1944 2545; x_wconf 87' lang='lat' dir='ltr'>est,</span> 
     </span>
     <span class='ocr_line' id='line_1_30' title="bbox 383 2557 1942 2626; baseline -0.001 -18"><span class='ocrx_word' id='word_1_220' title='bbox 383 2563 547 2609; x_wconf 89' lang='lat' dir='ltr'>minus</span> <span class='ocrx_word' id='word_1_221' title='bbox 593 2564 803 2611; x_wconf 87' lang='lat' dir='ltr'>fortasse</span> <span class='ocrx_word' id='word_1_222' title='bbox 850 2565 1188 2626; x_wconf 84' lang='lat' dir='ltr'>perspicuum,</span> <span class='ocrx_word' id='word_1_223' title='bbox 1236 2562 1480 2624; x_wconf 88' lang='lat' dir='ltr'>quomodo</span> <span class='ocrx_word' id='word_1_224' title='bbox 1527 2557 1673 2621; x_wconf 89' lang='grc' dir='ltr'>παρά</span> <span class='ocrx_word' id='word_1_225' title='bbox 1716 2576 1827 2608; x_wconf 88' lang='lat' dir='ltr'>cum</span> <span class='ocrx_word' id='word_1_226' title='bbox 1868 2576 1942 2607; x_wconf 84' lang='lat' dir='ltr'>ac-</span> 
     </span>
     <span class='ocr_line' id='line_1_31' title="bbox 385 2633 1943 2700; baseline -0.003 -17"><span class='ocrx_word' id='word_1_227' title='bbox 385 2637 606 2684; x_wconf 86' lang='lat' dir='ltr'>cusativo</span> <span class='ocrx_word' id='word_1_228' title='bbox 640 2638 956 2685; x_wconf 87' lang='lat' dir='ltr'>coniunctum</span> <span class='ocrx_word' id='word_1_229' title='bbox 988 2638 1113 2684; x_wconf 87' lang='lat' dir='ltr'>hanc</span> <span class='ocrx_word' id='word_1_230' title='bbox 1145 2636 1558 2700; x_wconf 82' lang='lat' dir='ltr'>significationem</span> <span class='ocrx_word' id='word_1_231' title='bbox 1596 2637 1832 2682; x_wconf 87' lang='lat' dir='ltr'>nanctum</span> <span class='ocrx_word' id='word_1_232' title='bbox 1865 2633 1943 2682; x_wconf 90' lang='lat' dir='ltr'>sit.</span> 
     </span>
     <span class='ocr_line' id='line_1_32' title="bbox 385 2708 1942 2773; baseline -0.001 -18"><span class='ocrx_word' id='word_1_233' title='bbox 385 2725 484 2756; x_wconf 89' lang='lat' dir='ltr'>una</span> <span class='ocrx_word' id='word_1_234' title='bbox 522 2714 688 2758; x_wconf 87' lang='lat' dir='ltr'>tamen</span> <span class='ocrx_word' id='word_1_235' title='bbox 734 2711 878 2759; x_wconf 92' lang='lat' dir='ltr'>huius</span> <span class='ocrx_word' id='word_1_236' title='bbox 924 2711 1227 2773; x_wconf 89' lang='lat' dir='ltr'>quaestionis</span> <span class='ocrx_word' id='word_1_237' title='bbox 1275 2709 1536 2758; x_wconf 87' lang='lat' dir='ltr'>solvendae</span> <span class='ocrx_word' id='word_1_238' title='bbox 1575 2710 1658 2756; x_wconf 89' lang='lat' dir='ltr'>via</span> <span class='ocrx_word' id='word_1_239' title='bbox 1697 2708 1818 2755; x_wconf 87' lang='lat' dir='ltr'>mihi</span> <span class='ocrx_word' id='word_1_240' title='bbox 1858 2723 1942 2769; x_wconf 88' lang='lat' dir='ltr'>pa-</span> 
     </span>
     <span class='ocr_line' id='line_1_33' title="bbox 384 2781 1944 2845; baseline -0.002 -15"><span class='ocrx_word' id='word_1_241' title='bbox 384 2786 487 2830; x_wconf 84' lang='lat' dir='ltr'>tere</span> <span class='ocrx_word' id='word_1_242' title='bbox 526 2783 734 2830; x_wconf 87' lang='lat' dir='ltr'>videtur.</span> <span class='ocrx_word' id='word_1_243' title='bbox 790 2781 936 2845; x_wconf 88' lang='grc' dir='ltr'>παρά</span> <span class='ocrx_word' id='word_1_244' title='bbox 975 2800 1085 2832; x_wconf 88' lang='lat' dir='ltr'>cum</span> <span class='ocrx_word' id='word_1_245' title='bbox 1118 2800 1231 2844; x_wconf 89' lang='lat' dir='ltr'>acc.‚</span> <span class='ocrx_word' id='word_1_246' title='bbox 1270 2787 1330 2831; x_wconf 90' lang='lat' dir='ltr'>ut</span> <span class='ocrx_word' id='word_1_247' title='bbox 1368 2799 1516 2831; x_wconf 87' lang='lat' dir='ltr'>causa</span> <span class='ocrx_word' id='word_1_248' title='bbox 1550 2782 1812 2841; x_wconf 82' lang='lat' dir='ltr'>indicetur,</span> <span class='ocrx_word' id='word_1_249' title='bbox 1847 2797 1944 2842; x_wconf 89' lang='lat' dir='ltr'>qua</span> 
     </span>
     <span class='ocr_line' id='line_1_34' title="bbox 387 2855 1944 2918; baseline -0.001 -16"><span class='ocrx_word' id='word_1_250' title='bbox 387 2856 577 2918; x_wconf 89' lang='lat' dir='ltr'>aliquid</span> <span class='ocrx_word' id='word_1_251' title='bbox 625 2858 735 2918; x_wconf 84' lang='lat' dir='ltr'>fiat,</span> <span class='ocrx_word' id='word_1_252' title='bbox 794 2858 1052 2906; x_wconf 89' lang='lat' dir='ltr'>notissima</span> <span class='ocrx_word' id='word_1_253' title='bbox 1111 2861 1159 2906; x_wconf 87' lang='lat' dir='ltr'>et</span> <span class='ocrx_word' id='word_1_254' title='bbox 1212 2857 1539 2905; x_wconf 84' lang='lat' dir='ltr'>usitatissima</span> <span class='ocrx_word' id='word_1_255' title='bbox 1589 2855 1944 2918; x_wconf 84' lang='lat' dir='ltr'>posterioribus</span> 
     </span>
     <span class='ocr_line' id='line_1_35' title="bbox 388 2929 1945 2995; baseline -0.002 -18"><span class='ocrx_word' id='word_1_256' title='bbox 388 2931 585 2992; x_wconf 89' lang='lat' dir='ltr'>quidem</span> <span class='ocrx_word' id='word_1_257' title='bbox 623 2932 926 2995; x_wconf 87' lang='lat' dir='ltr'>temporibus</span> <span class='ocrx_word' id='word_1_258' title='bbox 969 2935 1043 2980; x_wconf 87' lang='lat' dir='ltr'>est</span> <span class='ocrx_word' id='word_1_259' title='bbox 1075 2934 1343 2991; x_wconf 84' lang='lat' dir='ltr'>structura3</span> <span class='ocrx_word' id='word_1_260' title='bbox 1386 2946 1509 2991; x_wconf 86' lang='lat' dir='ltr'>quae</span> <span class='ocrx_word' id='word_1_261' title='bbox 1551 2929 1847 2992; x_wconf 87' lang='lat' dir='ltr'>significatio</span> <span class='ocrx_word' id='word_1_262' title='bbox 1887 2944 1945 2975; x_wconf 83' lang='lat' dir='ltr'>ex</span> 
     </span>
    </p>
   </div>
  </div>
 </body>
</html>
