2066 3146
868 111 1187 155 -vn-

186 257 238 303 et
261 269 490 302 versuum
522 269 724 300 numero
755 254 809 299 in
840 268 990 299 unam
1022 253 1302 301 columnam
1335 253 1707 302 coniunctorum
1747 257 1880 302 inter

185 344 237 376 se
292 327 499 375 differre.
588 328 969 374 consentaneum
1023 328 1178 390 igitur
1232 331 1337 375 erat
1392 328 1575 375 similia
1631 328 1874 376 similibus

184 401 467 465 adiungere.
536 400 627 447 hac
669 403 834 447 autem
871 402 923 447 in
964 416 1015 448 re
1053 401 1180 448 illud
1210 403 1423 463 primum
1466 401 1876 450 considerandum

188 479 274 536 est,
313 492 509 522 murum
545 474 704 534 illum,
743 476 795 520 in
836 490 932 536 quo
971 476 1230 537 inscriptio
1262 477 1419 523 incisa
1452 478 1572 536 erat,
1613 476 1873 524 verisimil-

188 551 359 597 limum
401 564 503 596 esse
549 564 647 596 non
695 549 769 595 ita
810 548 1123 596 aedificatum
1161 549 1326 609 fuisse,
1367 553 1422 597 ut
1461 551 1645 612 singuli
1683 550 1873 612 lapides

185 623 462 685 promiscue
510 624 560 669 et
606 622 807 670 confuse
858 622 997 670 nulla
1042 624 1403 686 magnitudinis
1459 639 1627 671 eorum
1681 626 1874 672 ratione

184 696 358 744 habita
403 696 530 744 alius
581 697 721 744 iuxta
768 697 922 743 alium
968 700 1017 743 et
1064 712 1213 758 supra
1259 697 1409 759 positi
1457 700 1639 758 essent,
1688 698 1773 746 sed
1819 702 1874 745 ut

185 771 277 818 alii
300 770 463 817 ordini
495 786 650 831 aeque
684 771 783 817 fere
815 787 1108 833 magnorum
1132 771 1355 833 lapidum
1389 771 1516 818 alius
1547 773 1688 819 iuxta
1721 772 1874 819 alium

180 846 458 906 positorum
496 845 623 892 alius
665 844 784 891 ordo
816 845 1076 906 impositus
1109 847 1237 892 esset
1267 845 1447 893 iterum
1480 846 1764 908 aequalium
1803 847 1874 893 la-

181 918 367 980 pidum.
454 921 603 980 atque
648 918 838 979 lapides
887 918 1016 966 alius
1062 919 1204 966 iuxta
1250 919 1404 966 alium
1450 921 1665 967 iacentes
1703 936 1875 968 revera

182 993 282 1039 fere
323 993 553 1053 aequales
592 992 743 1040 fuisse
783 994 862 1040 vel
895 1008 950 1039 ex
984 1009 1039 1040 eo
1073 996 1293 1054 apparet,
1334 993 1466 1054 quod
1497 994 1659 1040 multi·
1682 994 1874 1056 lapides

180 1068 271 1127 qui
309 1067 421 1127 pari
459 1066 800 1131 magnitudine
841 1069 971 1126 sunt,
1012 1067 1216 1114 eandem
1255 1083 1360 1114 rem
1398 1069 1632 1128 tractant,
1666 1070 1750 1116 cfr.
1783 1070 1872 1115 im-

181 1140 355 1202 primis
397 1141 528 1202 apud
561 1141 683 1188 Heb.
719 1143 767 1187 et
798 1141 907 1188 Kal.
948 1142 1033 1189 frr.
1061 1142 1278 1188 60—84
1304 1144 1353 1189 et
1378 1143 1612 1201 40—45,
1639 1143 1874 1202 48—50‚

181 1215 402 1262 52—54
444 1208 600 1280 (apud
640 1231 716 1262 me
754 1218 836 1262 frr.
863 1215 1329 1275 XXIH—XXXIX,
1354 1215 1467 1262 XLI
1498 1218 1549 1263 et
1580 1216 1637 1262 fr.
1662 1216 1873 1277 III—X,

180 1288 320 1349 XIII,
352 1288 483 1349 XIV,
517 1283 645 1354 XX).
719 1289 890 1350 itaque
937 1290 1153 1350 primum
1202 1290 1367 1337 omnia
1421 1290 1703 1353 fragmenta
1741 1295 1873 1338 ''con-

178 1362 430 1425 iungenda
462 1366 591 1423 sunt,
633 1363 810 1424 quibus
843 1379 1004 1424 aequa
1042 1363 1256 1411 altitudo
1297 1366 1386 1411 est.
1446 1379 1563 1411 nam
1603 1380 1716 1412 cum
1748 1364 1872 1413 eius-

179 1436 292 1484 dem
333 1436 517 1485 ordinis
558 1436 792 1498 lapides,‚
810 1440 867 1484 ut
903 1437 1051 1485 modo
1090 1437 1215 1498 dixi,
1259 1438 1430 1485 eadem
1468 1439 1568 1486 fere
1608 1437 1872 1486 altitudine

180 1511 334 1558 fuisse
375 1511 671 1558 credendum
710 1511 790 1572 sit,
833 1527 1001 1559 rursus
1042 1511 1231 1573 lapides
1272 1511 1356 1572 qui
1397 1512 1570 1559 eadem
1609 1512 1873 1561 altitudine

180 1587 316 1645 sunt,
356 1585 563 1633 fortasse
597 1585 659 1632 ad
691 1585 898 1632 eundem
935 1585 1157 1632 ordinem
1188 1585 1452 1648 pertinent,
1492 1587 1541 1634 et
1581 1588 1623 1633 si
1664 1586 1727 1633 ad
1757 1603 1874 1634 eun-

180 1658 291 1705 dem
330 1658 574 1719 ordinem,
614 1659 823 1707 fortasse
871 1658 1024 1707 etiam
1064 1660 1127 1707 ad
1164 1660 1296 1707 idem
1335 1661 1586 1721 scriptum.
1664 1661 1873 1709 fortasse

180 1731 306 1792 dico,
359 1749 477 1779 nam
529 1732 637 1780 fieri
689 1735 875 1794 potest,
929 1736 987 1781 ut
1040 1736 1091 1782 et
1143 1735 1418 1795 complures
1473 1735 1669 1782 ordines
1717 1750 1873 1796 aeque

181 1822 387 1868 magnos
418 1807 684 1854 habuerint
713 1808 903 1870 lapides
936 1809 985 1856 et
1016 1810 1070 1855 in
1102 1807 1272 1856 eodem
1301 1807 1525 1870 lapidum
1547 1809 1718 1857 ordine
1744 1822 1871 1857 com-

179 1881 325 1942 plura
372 1882 557 1943 scripta
602 1881 758 1930 incisa
805 1882 1003 1930 fuerint.
1065 1882 1157 1930 hoc
1201 1883 1359 1945 igitur
1403 1883 1549 1931 modo
1581 1883 1720 1931 nobis
1760 1899 1873 1945 pro-

180 1954 505 2018 grediendum
529 1971 632 2003 esse
657 1955 871 2017 videtur,
903 1958 959 2003 ut
982 1957 1198 2018 primum
1223 1972 1389 2004 omnes
1414 1957 1604 2018 lapides
1633 1957 1866 2019 aequales

182 2028 559 2092 coniungamus,
599 2029 775 2077 deinde
816 2032 983 2077 autem
1015 2047 1074 2077 ex
1106 2033 1396 2094 argumento
1431 2031 1639 2092 aliisque
1671 2031 1868 2079 indiciis

181 2102 401 2165 singulos
441 2106 527 2150 aut
566 2104 722 2151 artius
762 2107 1074 2151 conectamus
1115 2107 1203 2152 aut
1242 2104 1588 2152 discernamus.

294 2175 545 2232 Quattuor
591 2179 757 2224 autem
803 2179 846 2226 si
892 2177 956 2225 ad
995 2178 1309 2226 altitudinem
1349 2182 1542 2240 spectas
1582 2195 1763 2242 genera
1803 2180 1871 2226 la-

179 2250 350 2311 pidum
376 2250 726 2314 distinguenda
750 2254 878 2299 sunt.
918 2268 1073 2299 unum
1104 2254 1180 2300 est
1210 2268 1393 2313 eorum,
1426 2268 1634 2314 quorum
1666 2254 1870 2301 minima

181 2324 394 2372 altitudo
443 2328 516 2372 est
565 2326 631 2373 56
667 2341 764 2384 cm,
811 2326 1027 2373 maxima
1075 2328 1143 2374 62
1177 2342 1275 2387 cm3
1331 2326 1393 2373 ad
1443 2326 1574 2388 quod
1622 2329 1872 2388 pertinent

180 2397 302 2462 Heb.
345 2402 395 2446 et
433 2398 542 2447 Kal.
584 2400 667 2447 frr.
697 2401 929 2459 60—75‚
973 2402 1055 2460 77,
1090 2402 1306 2448 80—83
1357 2393 1573 2467 (lapides
1615 2405 1870 2462 corruptos

182 2471 307 2519 alias
342 2472 404 2520 ob
437 2489 608 2521 causas
640 2474 735 2520 huc
761 2474 838 2522 vel
870 2474 989 2521 illuc
1021 2475 1321 2523 revocandos
1353 2491 1483 2522 nunc
1523 2492 1621 2523 non
1662 2491 1869 2523 comme-

179 2542 358 2611 moro),
400 2546 632 2608 37—39,
673 2550 759 2608 46,
800 2549 1040 2608 55—56,
1085 2549 1173 2609 28,
1224 2551 1288 2596 29
1341 2542 1869 2615 (s1·r.XX111—XXX,

179 2620 409 2682 XXXIII,
447 2621 670 2681 XXXIV,
711 2622 894 2668 XXXV
926 2623 1016 2670 col.
1040 2622 1106 2682 H,
1145 2622 1652 2685 XXXVI—XXXIX,
1685 2623 1869 2683 XVHI,

180 2693 310 2754 XIX,
350 2694 479 2756 XXI,
510 2695 667 2756 XXII,
699 2695 851 2756 XXV,
883 2695 1037 2758 LVII,
1070 2690 1275 2762 LVIII).
1354 2698 1563 2744 alterum
1603 2714 1756 2761 genus
1797 2701 1887 2747 est,

178 2783 350 2815 eorum
397 2784 607 2830 quorum
644 2769 839 2817 minimi
887 2771 954 2817 46
990 2786 1080 2831 cm,
1120 2766 1323 2817 maximi
1368 2773 1437 2819 50
1470 2787 1545 2818 cm
1593 2771 1683 2819 alti
1733 2775 1868 2828 sunt3

178 2841 244 2887 ad
305 2842 439 2903 quod
498 2844 749 2904 pertinent
809 2845 893 2891 frr.
943 2846 1177 2903 41—43,
1219 2846 1303 2905 45,
1353 2846 1586 2906 48—50,
1637 2847 1868 2905 52—54‚

180 2915 417 2977 57-59,
443 2918 491 2977 2,
519 2918 601 2977 26,
630 2919 676 2979 5,
703 2919 751 2979 8,
780 2919 1255 2978 15—16‚218—-19
1297 2911 1405 2984 (frr.
1431 2919 1470 2979 I,
1494 2919 1868 2979 11,‚Iv-V111<,
