2066 3146
828 161 883 166 --
946 133 1179 178 XXXVIII
1243 161 1295 166 -—

333 275 488 335 Pind„
530 275 692 336 Soph.,
731 275 901 335 Eurip.
943 267 1186 339 (Xenoph.
1221 273 1360 321 anab.
1396 276 1444 335 4,
1473 277 1534 322 11
1573 274 1704 322 solus
1738 275 1840 322 cod.
1866 274 1909 321 F

336 344 597 408 ἄπλατος,
646 347 1069 399 ceterimeliores
1117 341 1397 413 ἄπλετος),
1447 351 1620 396 contra
1673 363 1791 396 voce
1847 344 1905 396 ἄ-

336 421 531 481 πλετος
570 424 778 468 utuntur
816 423 1013 482 praeter
1059 420 1255 468 eosdem
1293 423 1464 482 poetas
1504 422 1700 482 Herod,
1747 422 1907 470 Xeno-

334 496 463 557 phon
514 491 567 559 (l.
601 489 680 561 c.),
726 495 894 554 Plato,
933 494 1140 542 Aristot.
1217 497 1485 543 recentiore
1533 498 1700 543 autem
1743 498 1909 543 aetate

334 570 386 615 in
419 568 737 630 scriptoribus
768 567 1076 630 pedestribus
1108 584 1206 615 non
1238 569 1398 616 solum
1432 565 1666 630 ἄπλετος
1692 563 1907 635 (Polyb,

334 642 429 690 Dio
481 641 671 704 Chrys,
717 642 979 701 Aelianus,
1023 635 1296 708 Lucianus)
1344 643 1428 690 sed
1475 644 1625 691 etiam
1665 639 1908 703 ἄπλατος

334 718 599 775 invenitur,
624 717 710 764 cfr.
739 715 943 763 Gronert
974 716 1006 763 1.
1032 731 1087 775 c.,
1120 715 1205 777 qui
1229 731 1286 762 ex
1310 715 1457 776 LXX,
1490 719 1708 779 papyris,
1740 717 1907 764 Philo-

334 790 495 850 demo,
544 790 784 849 Diodor0,
831 789 979 838 schol.
1026 789 1190 850 Apoll.
1238 789 1395 838 Rhod.
1445 784 1525 856 (3,
1559 794 1623 838 41
1670 787 1905 839 ἀπλατο·

334 858 617 927 μεγέθεις),
656 863 930 924 Porphyrio
978 863 1200 924 exempla
1248 863 1411 921 affert,
1451 864 1513 912 ad
1553 881 1678 927 quae
1719 865 1911 913 accedit

333 938 610 999 exemplum
634 938 1026 985 recentissimum
1050 937 1271 993 Eudocia
1294 937 1557 985 Macremb.
1577 933 1706 1003 (222
1735 935 1906 986 ἀπλα-

331 1005 662 1077 τομεγέθης).
746 1011 859 1058 inde
906 1027 966 1058 ne
1015 1007 1255 1071 ἄπλατος
1297 1012 1493 1072 quidem
1532 1014 1585 1059 in
1623 1012 1907 1060 Atticorum

333 1100 552 1132 sermone
598 1086 749 1133 fuisse
796 1084 1013 1146 videtur,
1060 1085 1144 1133 sed
1189 1086 1242 1131 in
1279 1086 1541 1146 poetarum
1578 1088 1774 1134 tantum
1813 1103 1908 1134 usu

331 1160 562 1222 viguisse,
596 1155 829 1219 ἄπλετος
862 1160 1029 1206 autem
1069 1159 1239 1207 Ionica
1270 1175 1366 1206 vox
1397 1160 1565 1220 fuisse,
1596 1175 1723 1221 quae
1756 1162 1907 1208 etiam

331 1232 384 1280 in
416 1235 714 1295 scriptorum
745 1249 845 1281 non
876 1249 1007 1280 mere
1039 1233 1323 1281 Atticorum
1354 1234 1629 1282 orationem
1667 1235 1910 1296 irreperet

333 1300 575 1371 (Xenoph.
631 1307 663 1353 1.
704 1323 757 1367 c.,
810 1307 956 1355 Plato
996 1308 1090 1370 leg.
1135 1308 1281 1355 683a
1335 1309 1386 1355 et
1445 1308 1656 1355 fortasse
1720 1309 1822 1356 676
1836 1301 1910 1374 c)

332 1396 540 1441 quarum
580 1384 791 1442 utraque
828 1383 1002 1443 postea
1040 1382 1091 1428 in
1131 1396 1275 1429 usum
1314 1382 1571 1445 vulgarem
1609 1383 1825 1430 transiit.

222 1439 440 1516 ἄρτιος
487 1456 545 1502 fr
578 1454 784 1502 LXXIV
831 1455 889 1502 de
935 1457 1100 1503 mente
1145 1457 1364 1518 integra,
1411 1459 1470 1503 ut
1517 1451 1815 1517 ἀρτίφρων,
1864 1456 1910 1504 si

330 1531 463 1576 recte
508 1529 767 1591 suppletur
814 1524 1031 1589 ἀρτίους
1080 1524 1348 1593 [φρένας]
1433 1529 1518 1577 cfr.
1568 1530 1738 1591 Eurip.
1787 1530 1907 1576 Tro-

332 1602 447 1650 ades
487 1604 590 1650 417
635 1600 699 1651 οὐ
739 1599 840 1663 γὰρ
882 1598 1066 1663 ἀρτίας
1107 1599 1245 1663 ἔχεις
1285 1600 1512 1664 φρένας,
1555 1603 1772 1666 Theogn.
1802 1604 1905 1651 154

333 1671 442 1741 ὅτῳ
484 1674 548 1736 μὴ
591 1674 721 1736 νόος
755 1672 936 1737 ἄρτιος
975 1674 1022 1741 ᾖ.
1076 1678 1260 1740 legitur
1298 1679 1450 1725 etiam
1490 1677 1621 1739 apud
1659 1679 1908 1725 recentem

333 1751 620 1811 scriptorem
660 1751 936 1812 pedestrem
976 1750 1146 1813 Cyrill.
1179 1751 1318 1799 Alex.
1357 1753 1452 1799 vol.
1497 1754 1551 1811 6,
1590 1769 1636 1813 p.
1666 1753 1693 1798 2
1714 1751 1745 1799 d
1791 1750 1909 1810 τοῖς

334 1819 534 1884 ἀρτίοις
573 1823 670 1884 τὴν
710 1822 898 1885 φρένα.

225 1895 529 1958 βαρέομαι
576 1899 635 1946 fr.
667 1898 827 1945 LXIV
874 1899 963 1947 col.
996 1899 1074 1946 III
1107 1900 1152 1946 9.
1231 1899 1318 1946 cfr.
1365 1915 1515 1961 supra
1562 1915 1608 1960 p.
1648 1899 1812 1946 XXVI
1859 1900 1911 1946 et

332 1988 379 2033 p.
404 1971 603 2020 XXXII.
628 1975 825 2034 praeter
848 1975 1020 2034 poetas
1044 1974 1290 2034 reperitur
1313 1972 1365 2020 in
1381 1973 1527 2034 LXX,
1552 1973 1664 2033 NT,
1689 1973 1908 2035 papyris.

334 2047 417 2093 cfr.
435 2046 643 2093 Luciani
658 2045 989 2109 Pseudosoph.
1007 2063 1044 2094 c.
1068 2049 1094 2094 7
1115 2044 1357 2107 ,βαρεῖνιι
1383 2044 1442 2095 δέ
1467 2058 1615 2107 τινος
1641 2043 1907 2106 εἰπόντος,

335 2116 431 2167 οὐκ
463 2116 631 2177 ἔστιν,
667 2116 793 2181 ἔφη,
827 2118 889 2169 τὸ
922 2118 1243 2181 ,,βαρύνειν“,
1277 2118 1352 2180 ὡς
1385 2118 1683 2182 νενόμικας.
1729 2121 1908 2168 Attici-

335 2196 438 2240 stae
484 2209 653 2241 vocem
706 2209 803 2243 non
856 2194 1036 2243 habere
1083 2195 1326 2242 videntur.
1418 2194 1657 2243 hodierna
1712 2210 1909 2256 quoque

334 2267 505 2330 lingua
544 2265 730 2315 Graeca
773 2268 918 2329 βαρῶ
958 2270 1062 2316 sive
1103 2264 1285 2329 βαράω
1326 2268 1519 2316 dicitur.

225 2335 454 2399 ἔρευνα
484 2341 542 2388 fr.
568 2340 736 2388 XVHI
769 2342 857 2390 col.
882 2341 933 2388 H
962 2345 1042 2390 12.
1098 2343 1151 2388 in
1182 2341 1515 2390 Pseudoarist.
1549 2341 1726 2390 Oecon.
1763 2343 1809 2402 2,
1837 2342 1907 2389 30

336 2418 384 2461 et
423 2415 741 2476 scriptoribus
788 2415 1068 2463 recentibus
1115 2418 1327 2464 occurrit
1373 2418 1423 2463 et
1459 2415 1511 2462 in
1551 2416 1754 2477 papyris
1794 2408 1907 2479 (cfr.

333 2487 614 2548 Mayserum
652 2489 682 2536 l.
709 2504 746 2536 c.
787 2506 833 2551 p.
862 2483 969 2556 28).

226 2557 511 2621 ἐκθύμως
551 2563 609 2608 fr.
635 2562 725 2608 XV
758 2564 847 2611 col.
874 2563 897 2610 Ι
925 2565 1007 2612 10.
1056 2559 1188 2612 Ὑπ’
1224 2559 1451 2623 ε’κθύμου
1485 2559 1690 2623 φρενός
1722 2562 1909 2625 legitur

334 2634 507 2682 Aesch.
554 2634 685 2683 Pers.
729 2637 856 2697 364,
898 2637 1029 2698 quod
1073 2640 1238 2685 tamen
1277 2636 1524 2698 quomodo
1564 2635 1908 2698 explicandum

335 2708 415 2767 sit,
455 2711 620 2755 utrum
666 2712 831 2757 amimo
876 2711 1088 2758 studioso
1129 2726 1191 2758 an
1231 2725 1418 2770 amens,
1459 2714 1607 2770 atque
1646 2726 1766 2757 num
1805 2726 1905 2757 om-

335 2782 451 2828 nino
496 2783 570 2828 ita.
615 2783 875 2846 legendum
923 2784 1007 2845 sit,
1049 2799 1160 2831 cum
1199 2784 1445 2832 Mediceus
1488 2782 1716 2830 exhibeat
1755 2780 1906 2831 εὐθύ-

336 2868 458 2915 μου,
499 2855 778 2918 ambigitur.
858 2859 988 2905 certe
1035 2857 1306 2919 posteriore
1347 2858 1532 2917 aetate,
1570 2859 1628 2903 ut
1666 2858 1747 2904 hic
1788 2873 1904 2918 quo·

335 2944 452 2990 que,
513 2928 661 2976 habet
722 2931 822 2977 vim
883 2932 1045 2978 animo
1106 2932 1318 2979 studioso
1381 2946 1479 2992 qua
1542 2930 1591 2977 vi
1646 2932 1720 2979 est
1776 2931 1908 2993 apud
