2066 3146
868 105 1162 147 —IX-

177 262 301 307 quae
342 262 447 294 cum
489 246 562 292 ita
603 245 722 306 sint,
763 246 806 292 si
843 245 1016 293 horum
1058 245 1281 306 lapidum
1321 245 1538 292 ordinem
1583 238 1864 308 (inferiores

178 321 400 368 46—50
427 335 516 380 cm,
549 318 823 380 superiores
858 320 1125 379 33‚5—35
1155 312 1254 385 cm)
1296 334 1662 380 nonnumquam
1695 319 1865 366 turba-

175 398 282 441 tum
307 409 410 442 esse
443 393 681 452 videmus,
712 409 811 440 non
835 394 1007 440 mirari
1044 394 1254 454 oportet,
1285 394 1575 454 praesertim
1609 408 1719 439 cum
1743 392 1864 439 haec

176 470 455 530 fragmenta
481 469 685 528 propter
707 469 974 514 maximam
1006 467 1285 514 litterarum
1317 466 1711 529 magnitudinem
1733 482 1861 513 sum-

177 558 308 589 mum
329 541 544 588 tenuisse
568 540 730 588 locum
754 542 852 587 iam
880 541 940 587 ab
958 540 1174 588 Usenero
1200 541 1230 587 l.
1250 556 1288 588 c.
1306 541 1468 602 p.418
1494 540 1754 601 probatum
1783 540 1861 587 sit.

288 616 460 676 Itaque
506 615 597 662 hoc
637 630 747 662 cum
794 615 1059 662 tenendum
1099 614 1177 674 sit,
1216 631 1410 661 murum
1449 615 1592 661 illum
1633 614 1865 675 aequabi-

175 690 292 737 liter
323 690 625 737 exstructum
656 689 822 749 fuisse,
853 688 960 736 fieri
991 705 1089 736 non
1120 690 1299 750 potest,
1338 692 1393 735 ut
1423 690 1554 736 inter
1583 689 1862 751 fragmenta

176 763 430 825 physicam
462 762 746 822 tractantia,
779 779 990 823 quorum
1017 762 1230 810 altitudo
1256 765 1330 810 est
1352 764 1484 809 inter
1510 764 1575 810 46
1605 765 1653 809 et
1680 763 1748 810 50
1774 778 1865 823 cm,

175 852 417 898 ponamus
459 837 651 897 aliquos
698 837 888 898 lapides
928 853 984 884 ex
1023 838 1107 896 iis,
1149 839 1233 898 qui
1273 838 1476 884 maximi
1515 837 1707 900 generis
1749 838 1866 884 sunt

178 907 419 969 (56-62
461 903 574 976 0111).
654 910 787 972 quod
841 927 990 994 quam
1044 927 1143 958 non
1196 913 1326 958 10010
1380 910 1586 958 fecerint
1637 910 1863 971 editores,

175 984 324 1032 etiam
373 1001 429 1032 ex
471 985 571 1032 alia
607 1001 660 1031 re
700 986 928 1048 cognosci
972 987 1150 1046 potest.
1227 986 1279 1031 in
1318 985 1455 1031 nullo
1489 986 1620 1032 enim
1661 985 1864 1032 alterius

174 1060 366 1122 generis
406 1059 571 1120 lapide
612 1051 779 1124 (46—
787 1060 855 1107 50
874 1052 972 1125 cm)
1014 1059 1236 1106 adhibita
1275 1061 1350 1106 est
1386 1059 1719 1120 interpunctio
1758 1058 1863 1118 illa,

174 1129 502 1193 παραγραφή
547 1149 671 1194 quae
711 1132 907 1193 dicitur,
947 1134 1162 1194 exceptis
1208 1134 1418 1181 fortasse
1457 1134 1749 1195 fragmentis
1793 1133 1859 1181 57

175 1200 258 1272 (fr.
283 1206 333 1253 II
372 1207 462 1254 001.
487 1199 535 1272 1)
567 1224 611 1254 v.
640 1207 687 1266 8,
715 1209 760 1266 9,
789 1209 857 1255 10
898 1210 948 1255 01
988 1208 1053 1256 59
1091 1201 1172 1273 (fr.
1212 1200 1261 1272 I>
1301 1207 1389 1255 col.
1415 1206 1465 1254 II
1503 1223 1548 1254 v.
1577 1208 1631 1268 4,
1686 1206 1866 1268 quibus

174 1281 294 1328 locis
341 1281 468 1328 hanc
515 1281 576 1328 ob
623 1295 822 1328 causam
870 1282 1058 1328 laesum
1106 1296 1208 1329 esse
1255 1281 1472 1343 lapidem
1510 1282 1670 1344 magis
1710 1281 1863 1328 credi-

175 1355 330 1402 derim
355 1349 447 1420 (57
485 1350 557 1418 [ΙΙ
589 1355 678 1402 col.
703 1350 751 1419 I]
777 1371 821 1400 v.
851 1356 880 1402 8
918 1356 1250 1417 interpunctio
1283 1355 1474 1402 nullum
1508 1370 1680 1402 sanum
1715 1355 1864 1402 habet

175 1444 393 1489 sensum,
434 1431 483 1475 et
520 1426 834 1493 ζΥΜφΕΡΟΝ
874 1446 919 1477 v.
949 1431 977 1477 9
1019 1430 1228 1477 fortasse
1273 1429 1398 1476 falso
1438 1429 1620 1476 lectum
1661 1432 1733 1476 est
1771 1445 1863 1490 pro

174 1507 490 1551 ΞΥΜΦΕΡΟΝ
511 1498 661 1566 (110110
684 1503 894 1551 formam
919 1504 1115 1551 litterae
1133 1504 1157 1553 ξ
1182 1503 1333 1551 habes
1357 1504 1414 1550 fr.
1437 1505 1505 1551 30
1525 1498 1684 1567 [LIX]
1703 1520 1747 1549 v.
1772 1497 1863 1569 10)

173 1577 253 1624 vel
277 1581 608 1625 ΞΥΜΦΕΡΟΝ.
658 1578 935 1641 fragmento
963 1579 1028 1625 59
1058 1571 1128 1643 (Ι)
1163 1578 1250 1625 col.
1284 1577 1335 1624 II
1359 1594 1403 1624 v.
1431 1579 1463 1624 4
1495 1578 1629 1624 linea
1659 1578 1867 1624 incurva

175 1666 346 1698 sanum
382 1651 581 1712 quidem
620 1666 815 1700 sensum
846 1651 1017 1712 habet,
1051 1652 1238 1705 cfr.-ad
1270 1652 1328 1698 fr.
1362 1651 1531 1698 XXIII
1563 1652 1652 1698 col.
1678 1651 1754 1698 III
1782 1653 1864 1698 12.

175 1725 258 1772 sed
283 1725 399 1773 licet
428 1741 601 1773 revera
631 1725 736 1773 illic
768 1725 959 1788 positae
988 1727 1089 1773 sint
1112 1723 1479 1786 παραγραφαί,
1503 1726 1555 1772 111
1579 1727 1864 1773 universum

172 1801 339 1846 tamen
378 1800 430 1846 in
470 1799 607 1847 nullo
640 1799 737 1847 alio
770 1816 947 1863 genere
980 1800 1202 1861 lapidum
1233 1801 1331 1847 nisi
1361 1801 1691 1847 maximorum
1722 1815 1864 1847 usur-

173 1875 316 1934 patas
358 1889 439 1921 eas
472 1889 576 1921 esse
610 1874 972 1922 concedendum
1005 1878 1091 1922 est.
1146 1875 1318 1935 itaque
1358 1876 1400 1922 si
1441 1874 1648 1922 diversa
1673 1874 1864 1937 magni-

171 1946 344 1994 tudine
390 1947 783 2010 fragmentorum
825 1949 908 2008 37,
951 1949 1033 2009 38,
1077 1950 1161 2009 39,
1201 1950 1268 1995 46
1311 1965 1409 1995 non
1450 1949 1764 2007 deterrearis,
1802 1964 1864 1994 ne

173 2021 262 2067 illa
310 2021 466 2068 eidem
515 2022 697 2083 scripto
739 2022 982 2070 attribuas
1030 2025 1181 2084 atque
1221 2024 1383 2069 cetera
1421 2023 1700 2085 fragmenta
1738 2022 1888 2084 phy-⁴

176 2096 291 2155 sica,
315 2095 408 2142 hoc
431 2098 597 2143 tamen
622 2096 893 2157 impediris,
925 2096 1056 2158 quod
1087 2098 1139 2142 in
1171 2096 1248 2143 his
1280 2096 1505 2144 omnibus
1530 2095 1864 2157 interpunctio

175 2169 399 2216 adhibita
447 2171 533 2216 est.
611 2185 728 2216 nam
774 2171 955 2217 mirum
1003 2173 1132 2217 esset
1177 2172 1353 2232 putare
1399 2172 1866 2231 interpunctionem,

176 2259 285 2290 cum
324 2243 376 2289 in
415 2244 588 2291 ceteris
637 2242 854 2291 eiusdem
900 2245 1075 2307 scripti
1120 2246 1410 2307 fragmentis
1457 2244 1771 2307 neglegatur,
1811 2246 1866 2291 in

176 2317 428 2366 nonnullis
477 2320 644 2364 tamen
692 2317 943 2379 usurpari,
998 2333 1153 2379 eaque
1202 2333 1317 2366 casu
1364 2318 1579 2379 quodam
1625 2318 1864 2366 maiorem

174 2391 352 2438 habere
409 2392 632 2452 lapidum
688 2391 1015 2440 altitudinem.
1093 2394 1265 2453 itaque
1321 2394 1703 2440 consentaneum
1761 2407 1865 2440 esse

173 2459 371 2512 videtur
425 2467 704 2529 fragmenta
746 2467 836 2527 37,
880 2467 946 2514 38
983 2459 1215 2532 (XVIII),
1257 2467 1324 2514 39
1352 2459 1531 2532 (ΧΙΧ),
1573 2468 1640 2514 46
1685 2460 1865 2531 (XXI),

177 2539 242 2586 56
272 2533 410 2605 (XV)
437 2541 747 2604 coniungere,
781 2541 964 2601 quippe
997 2556 1123 2602 quae
1156 2540 1359 2600 eandem
1391 2540 1607 2588 habeant
1639 2541 1862 2588 altitudi-

174 2628 284 2660 nem
333 2616 382 2660 et
429 2613 699 2662 sententias
745 2615 1142 2675 interpunctione
1182 2614 1456 2675 distinctas,
1498 2630 1656 2676 neque
1694 2617 1861 2662 tamen

174 2688 377 2748 propter
417 2690 762 2749 argumentum
803 2690 852 2735 et
884 2688 1065 2735 lineam
1101 2689 1325 2749 quintam
1358 2689 1599 2736 decimam
1631 2690 1886 2747 omissam*

175 2760 236 2806 ad
270 2760 658 2823 disputationem
698 2761 910 2810 ethicam
941 2778 1100 2823 neque
1132 2763 1194 2808 ad
1235 2764 1505 2810 sententias
1537 2762 1722 2810 ethicas
1754 2777 1862 2823 per-

176 2835 381 2882 tineant.
460 2851 584 2897 quae
623 2838 681 2882 ut
726 2836 796 2883 sic
844 2838 1200 2898 coniungamus
1246 2840 1504 2898 praeterea
1549 2838 1765 2897 primum
1804 2852 1862 2883 eo

174 2906 506 2969 admonemur,
538 2909 671 2971 quod
702 2911 913 2971 scriptor
937 2909 1261 2972 Antipatrum
1287 2911 1531 2971 quendam
1558 2914 1607 2958 et
1630 2911 1679 2957 in
1705 2910 1764 2957 fr.
1792 2910 1862 2957 38
