2066 3146
931 102 1298 153 *90-

387 231 471 275 col.
505 231 526 273 I
563 246 604 274 v.
632 231 715 275 5!ss
756 236 840 275 τοῠ
881 233 1058 283 πάθους
1095 233 1286 276 πλάνον.
1352 232 1431 275 cfr.
1458 232 1512 275 fr.
1538 232 1710 276 XXVII
1747 248 1787 277 v.
1815 239 1839 276 2
1881 237 1957 278 καὶ

267 292 626 348 πλ[ανω]μένων
655 291 873 345 θεραπεία
904 295 1081 334 παθῶν.
1109 317 1167 322 -
1198 305 1304 334 cum
1336 294 1493 335 autem
1525 292 1748 347 proximis
1783 293 1956 336 colum-

267 351 340 393 nis
372 363 464 393 non
505 350 562 392 de
595 348 839 393 affectibus
874 349 954 392 sed
988 349 1044 392 de
1075 349 1328 393 virtutibus
1362 353 1474 407 agat
1507 351 1706 407 scriptor
1733 351 1837 407 (col.
1860 351 1956 409 IV),

267 409 349 452 illo
389 409 526 451 modo
559 409 738 463 primae
771 408 1010 451 columnae
1042 424 1112 452 vv.
1140 413 1254 451 5—9
1287 409 1578 465 supplendae
1610 413 1756 454 erant.

389 467 471 511 col.
498 467 562 509 IV
594 483 631 510 v,
659 473 683 510 3
718 470 847 512 ἔσται
871 483 940 519 τις
971 470 1129 511 αὐτῶν
1162 469 1233 512 ἐπ’
1257 471 1416 521 ἀγαθῶ
1451 470 1627 526 μνήμη]
1676 470 1738 513 ad.
1771 469 1959 513 dicendi

266 527 495 570 rationem
527 526 606 569 cfr.
634 526 753 570 Plut.
789 527 846 569 de
879 527 1044 570 curios.
1079 540 1115 569 e.
1145 532 1194 569 11
1232 528 1438 583 ἐμνήσθη
1473 530 1498 572 ὁ
1533 531 1659 573 δεῖνα
1691 534 1775 573 τοῦ
1810 532 1959 582 δεῖνος

270 587 342 631 ἐπ’
374 589 547 642 ἀγαθῷ,
584 588 631 629 et
654 585 817 641 Polyb.
843 586 899 640 H,
925 590 994 639 61,
1022 590 1046 628 6
1078 588 1133 630 τὸ
1167 587 1208 630 δ’
1240 588 1498 631 ἀκόλουθον
1532 591 1606 632 καὶ
1637 589 1691 632 τὸ
1723 593 1808 643 τῆς
1838 589 1960 633 ἱστο-

267 647 368 701 ρίας
398 646 515 689 ἴδιον
548 647 750 700 ἀφεῖλεν,
782 647 866 689 τὸν
899 647 1089 689 ἔπαινον
1123 649 1197 689 καὶ
1228 649 1316 701 τὴν
1348 647 1420 690 ἐπ’
1452 649 1612 703 ἀγαθῷ
1646 648 1831 702 μνήμην
1862 653 1959 692 τῶν

270 707 526 757 ἀξιολόγων
560 707 877 759 προαιρέσεων
911 705 959 747 et
990 703 1066 758 Vl,
1101 709 1170 758 39,
1197 710 1236 748 2.

388 778 425 806 v.
455 768 478 805 9
498 777 596 818 sqq.
655 766 770 818 μηδὲ
800 765 885 816 τὰς
920 765 1086 818 ἀρετὰς
1118 765 1299 817 εἰδότας
1330 766 1401 808 ὅτι
1431 770 1528 808 τῶν
1570 768 1960 821 συνχρονούντων
2036 798 2045 815 ,

270 828 525 878 ποιητικῶν
558 838 596 876 χ.
624 825 678 879 ε.]
742 823 869 878 quod
899 823 976 866 hic
1010 824 1068 867 de
1107 823 1360 867 virtutibus
1399 824 1525 867 idem
1565 825 1623 868 de
1661 825 1961 881 philosophia

270 883 442 925 dicitur
466 881 638 925 Wotke
661 883 805 926 Wien.
833 882 960 926 Stud.
987 882 1029 924 X
1059 898 1104 938 p.
1126 887 1208 925 193
1236 885 1350 926 sent.
1371 887 1424 925 27
1459 885 1532 928 ἐπὶ
1565 887 1647 937 μὲν
1678 890 1774 928 τῶν
1807 887 1961 928 ἄλλων

268 943 649 996 ἐπιτηδευμάτων
706 944 833 995 μόλις
885 946 1191 986 τελειωθεῖσιν
1246 945 1271 986 ὁ
1312 945 1487 997 καρπὸς
1533 945 1739 998 ἔρχεται,
1788 945 1862 988 ἐπὶ
1909 946 1961 988 δὲ

270 1002 552 1056 φιλοσοφίας
595 1004 833 1056 συντρέχει
878 1006 935 1056 τῆ
983 1003 1154 1055 γνώσει
1199 1004 1254 1045 τὸ
1309 1004 1522 1056 τερπνόν.
1601 1005 1656 1046 οὐ
1703 1005 1792 1058 γὰρ
1847 1004 1962 1056 μετὰ

271 1062 468 1115 μάθησιν
494 1062 761 1115 ἀπόλαυσις,
788 1062 901 1104 ἀλλὰ
928 1063 1020 1114 ἅμα
1041 1063 1236 1117 μάθησις
1259 1064 1334 1105 καὶ
1351 1063 1616 1117 ἀπόλαυσις,
1642 1063 1689 1105 et
1706 1063 1763 1106 de
1781 1076 1961 1105 summo

270 1120 393 1163 bono
426 1118 454 1161 1.
482 1133 518 1162 c.
554 1121 669 1162 sent.
703 1125 758 1163 42
800 1122 825 1164 ὁ
859 1122 1002 1172 αὐτὸς
1033 1122 1199 1174 χρόνος
1238 1124 1313 1164 καὶ
1350 1123 1577 1173 γενέσεως
1614 1126 1700 1165 τοῦ
1742 1122 1960 1175 μεγίστου

270 1182 447 1231 ἀγαθοῦ
475 1182 549 1222 καὶ
574 1181 879 1232 ἀπολαύσεως
903 1181 1032 1234 (corr.
1062 1179 1161 1233 Us.,
1195 1181 1469 1233 ἀπυλύσεως
1493 1180 1623 1237 cod.).
1658 1194 1749 1223 non
1773 1195 1962 1236 prorsus

270 1239 396 1281 idem
421 1237 504 1281 sed
529 1238 681 1282 simile
707 1240 791 1292 est,
817 1239 942 1294 quod
968 1239 1083 1282 dicit
1106 1239 1236 1294 Epic.
1271 1252 1342 1294 ep.
1368 1238 1433 1281 III
1465 1244 1489 1292 ξ
1517 1244 1600 1282 132
1635 1242 1964 1295 συμπεφύκασι

269 1300 358 1352 γὰρ
392 1298 439 1341 αἱ
470 1300 629 1353 ἀρεταὶ
667 1304 736 1355 τῷ
778 1302 861 1353 ζῆν
901 1301 1054 1353 ἡδέως
1084 1302 1158 1342 καὶ
1201 1300 1255 1342 τὸ
1296 1302 1379 1353 Ζῆν
1419 1301 1570 1353 ἡδέως
1607 1300 1791 1342 τούτων
1839 1301 1963 1344 ἐστὶν

270 1358 531 1411 ἀχώριστον
572 1359 619 1399 et
656 1357 798 1413 paulo
839 1359 947 1400 ante
979 1358 1141 1413 (etiam
1180 1373 1279 1412 κυρ.
1321 1359 1400 1403 δόξ
1434 1357 1490 1414 V)
1538 1360 1623 1401 οὐκ
1656 1360 1781 1402 ἔστιν
1813 1361 1964 1413 ἡδέως

269 1420 353 1471 Ζῆν
386 1418 495 1460 ἄνευ
528 1421 612 1460 τοῦ
646 1418 886 1472 φρονίμως
916 1421 991 1461 καὶ
1023 1421 1175 1469 καλῶς
1206 1421 1279 1461 καὶ
1304 1418 1502 1472 δικαίως,
1544 1416 1691 1476 <οὐδὲ
1723 1418 1964 1472 φρονίμως

271 1479 346 1520 καὶ
378 1479 530 1528 καλῶς
562 1479 636 1519 καὶ
669 1476 889 1535 δικαίως)
915 1478 1025 1520 ἄνευ
1072 1481 1156 1520 τοῦ
1205 1479 1375 1531 ἡδέως;
1427 1477 1552 1520 unde
1598 1478 1759 1519 tamen
1805 1477 1963 1532 aliquo

269 1535 406 1578 modo
441 1535 658 1591 cognosci
697 1538 854 1591 potest
888 1535 1093 1589 virtutes,
1135 1538 1186 1578 ut
1224 1537 1393 1579 natura
1434 1550 1539 1578 cum
1569 1535 1812 1591 voluptate
1855 1550 1960 1579 con-

269 1594 458 1637 iunctae
492 1594 599 1645 sint,
631 1595 699 1638 ita
732 1595 876 1638 etiam
908 1595 1072 1639 eodem
1103 1596 1312 1651 tempore
1343 1597 1484 1651 atque
1515 1594 1648 1637 illam
1680 1595 1890 1639 existere.

391 1654 459 1697 fr.
486 1653 685 1698 XXVII
733 1654 818 1697 col.
842 1654 864 1697 I
912 1670 948 1697 v.
979 1661 1031 1697 14
1078 1655 1157 1698 vix
1204 1654 1342 1698 aliter
1380 1653 1588 1710 suppleri
1628 1655 1783 1710 potest
1822 1656 1964 1710 atque

272 1715 426 1769 ἑλ]πίς.
490 1713 722 1767 Diogenes
755 1728 987 1757 summum
1010 1714 1185 1757 bonum
1209 1714 1324 1769 quid
1348 1714 1409 1757 sit
1433 1714 1688 1758 secundum
1712 1714 1966 1769 Epicurum

271 1785 487 1815 enarrare
517 1772 716 1827 videtur,
748 1787 839 1829 quo
874 1773 1016 1816 etiam
1046 1774 1252 1829 pertinet
1286 1776 1370 1830 „ro
1402 1775 1567 1817 πιστὸν
1601 1775 1840 1827 ἔλπισμα“,
1881 1772 1962 1817 cfr.

271 1831 325 1874 fr.
353 1835 408 1875 68
429 1831 505 1875 Ue.
537 1835 593 1876 τὸ
617 1834 705 1888 γὰρ
731 1835 952 1885 εὐσταθὲς
977 1835 1147 1888 σαρκὸς
1171 1834 1445 1888 κατάστημα
1471 1836 1545 1876 καὶ
1569 1834 1623 1876 τὸ
1656 1836 1760 1887 περὶ
1791 1834 1967 1888 ταύτης

271 1894 437 1935 πιστὸν
471 1893 666 1945 ἔλπισμα
697 1895 786 1947 τὴν
819 1894 1082 1947 ἀκροτάτην
1115 1893 1262 1947 χαρὰν
1294 1896 1369 1936 καὶ
1403 1893 1706 1947 βεβαιοτάτην
1739 1894 1831 1946 ἔχει
1869 1897 1967 1944 τοῖς

273 1952 606 2004 ἐπιλογίζεσθαι
654 1953 927 2005 δυναμένοις
967 1953 1014 1995 et
1044 1950 1218 1995 Wotke
1252 1952 1395 1995 Wien.
1429 1951 1558 1995 Stud.
1584 1950 1625 1993 X
1657 1966 1701 2006 p.
1731 1955 1814 1994 193
1848 1952 1963 1994 sent.

273 2015 328 2052 33
363 2013 533 2065 σαρκὸς
565 2014 703 2066 φωνὴ
736 2013 791 2054 τὸ
827 2014 886 2065 μὴ
919 2015 1083 2065 πεινῆν
1110 2045 1299 2064 ......
1331 2016 1481 2055 ταῦτα
1521 2012 1608 2064 γὰρ
1641 2012 1763 2064 ἔχων
1794 2025 1863 2062 τις
1893 2013 1967 2054 καὶ

274 2070 469 2115 ἐλπίζων
503 2072 617 2115 ἕξειν
651 2073 735 2114 κᾶν
768 2072 843 2114 Διὶ
875 2072 992 2125 ὑπὲρ
1026 2070 1319 2123 εὐδαιμονίας
1351 2071 1615 2124 μαχέσαιτο.

392 2128 477 2172 col.
503 2129 546 2172 H
575 2145 616 2172 V.
646 2136 668 2172 1
704 2130 801 2183 μετ’
833 2131 1044 2186 ἐγλογῆς]
1082 2134 1180 2173 τῶν
1218 2132 1386 2184 ἡδέων,
1427 2131 1480 2171 ut
1518 2128 1716 2172 videtur.
1781 2128 1861 2171 cfr.
1887 2126 1965 2171 Us.

273 2188 327 2230 fr.
371 2192 455 2230 515
505 2189 568 2247 <ἡ
619 2189 799 2247 ἀρετὴ>
846 2192 948 2244 περὶ
995 2192 1083 2243 τὴν
1131 2189 1328 2243 ἐκλογήν
1376 2190 1474 2232 ἐστι
1520 2193 1617 2232 τῶν
1664 2190 1820 2242 ἡδέων
1867 2187 1969 2231 κατ’

277 2248 548 2302 Ἐπίκουρον
581 2250 628 2291 et
660 2248 789 2304 Epic.
824 2262 894 2304 ep.
921 2248 985 2290 III
1020 2252 1101 2291 129
1135 2253 1262 2292 πᾶσα
1307 2249 1391 2292 οὖν
1423 2250 1572 2303 ἡδονὴ
1614 2248 1689 2291 διὰ
1728 2248 1782 2290 τὸ
1823 2248 1966 2302 φύσιν

275 2309 395 2360 ἔχειν
428 2308 601 2351 οἰκείαν
634 2310 824 2363 ἀγαθόν,
858 2310 914 2351 οὐ
947 2312 1074 2352 πᾶσα
1109 2309 1265 2360 μέντοι
1298 2306 1412 2365 (γ’)
1447 2307 1627 2362 αἱρετή.

393 2381 431 2408 ν.
460 2372 483 2408 2
533 2370 852 2421 πλανωμένων
899 2368 1083 2422 παθῶν]
1132 2366 1212 2410 cfr.
1252 2366 1307 2409 fr.
1349 2366 1499 2409 XXVI
1545 2365 1630 2409 col.
1671 2365 1693 2407 Ι
1736 2380 1777 2407 v.
1806 2369 1831 2407 5
1878 2368 1963 2407 τοῦ

274 2426 454 2478 πάθους
479 2461 486 2469 .
516 2462 523 2469 .
554 2462 562 2470 .
588 2428 780 2470 πλάνον.

393 2499 432 2527 v.
460 2489 486 2526 4
520 2487 653 2542 ὅπου,
688 2486 820 2541 φημί,
854 2486 973 2541 οὖν].
1037 2485 1103 2528 sic
1135 2484 1280 2528 etiam
1312 2484 1428 2528 Heb.
1454 2486 1501 2527 et
1524 2484 1627 2527 Kal.
1669 2482 1880 2526 scribunt
1918 2481 1968 2524 in

276 2544 509 2599 contextu,
557 2545 639 2588 sed
687 2545 818 2588 aliud
865 2558 1048 2599 quoque
1095 2545 1362 2599 proponunt
1405 2545 1523 2587 ὅπου
1572 2558 1691 2598 φημι
1738 2542 1824 2585 οὖν
1867 2540 1967 2585 sine

274 2601 672 2658 interpunctione,
713 2604 838 2660 quod
877 2605 945 2646 ita
985 2603 1242 2658 explicant:
1299 2604 1359 2646 In
1399 2604 1485 2645 den
1524 2602 1692 2646 Fauen
1731 2602 1843 2654 also,
1881 2615 1968 2645 von

277 2661 420 2706 denen
458 2663 529 2706 ich
566 2664 757 2719 spreffe,
797 2665 858 2708 ist
886 2663 1052 2706 sowohl
1084 2675 1120 2705 e.
1148 2678 1191 2718 q.
1218 2677 1251 2705 s.
1314 2661 1435 2704 illud
1464 2660 1580 2703 mihi
1620 2660 1768 2716 magis
1807 2659 1968 2704 verisi-

276 2720 386 2764 mile
427 2734 526 2765 esse
564 2722 762 2776 videtur,
809 2724 856 2766 et
887 2721 1088 2764 maxime
1120 2720 1315 2765 Dielesii
1346 2720 1782 2775 interpretationem
1822 2718 1968 2774 probo

276 2781 359 2823 ubi
387 2782 531 2838 ἐρέται·
562 2782 671 2836 (hoc
693 2786 860 2837 repeto)
881 2782 1137 2837 periculum
1160 2793 1390 2836 maynum,
1423 2780 1489 2823 ibi
1510 2781 1647 2822 etiam
1679 2780 1856 2822 lucrum
1888 2781 1966 2832 (sc.

276 2853 528 2896 maynum).
606 2844 679 2884 καὶ
727 2842 776 2883 in
824 2840 1056 2884 sententia
1101 2839 1377 2882 correlativa
1422 2838 1691 2894 duplicatur
1730 2838 1874 2881 etiam
1913 2836 1969 2879 fr.

277 2899 421 2942 LXIH
455 2899 540 2943 col.
566 2899 610 2942 H
643 2906 665 2944 1
687 2915 752 2955 sq.
