2066 3146
767 113 1131 166 -95—

100 246 204 304 (001.
236 245 279 289 Π
317 260 358 288 v.
386 246 549 300 4—14)
591 245 868 300 simpliciter
906 244 1086 288 animas
1133 259 1216 300 per
1255 259 1302 287 80
1344 244 1464 287 solas
1511 245 1795 289 immortales

98 305 291 349 reddere
324 307 535 361 oportere
574 305 875 347 transitiones
916 304 1022 347 illas
1059 304 1532 360 praetermittentem,
1558 339 1687 349 .....
1714 308 1796 348 aut

86 365 158 422 .(si
187 363 476 408 immortales
506 378 590 420 per
622 377 668 406 se
701 364 829 419 ipsas
861 377 953 406 non
984 364 1257 420 reddantur)
1285 377 1343 406 ne
1367 363 1667 406 transitiones
1693 365 1794 420 qui-

24 427 26 429 ’
102 425 207 468 dem
240 423 347 466 illas
381 422 507 466 credi
538 436 673 478 posse
706 424 848 479 (quod
881 437 1023 478 supra
1053 422 1302 478 probatum
1331 423 1433 479 est),
1464 423 1606 466 immo
1637 424 1794 478 potius

99 484 201 527 tum
241 482 421 526 animas
460 483 568 537 post
606 483 803 525 mortem
843 483 1003 525 statim
1042 483 1232 525 interire
1272 481 1553 525 credendum
1592 496 1704 525 0880.
1739 508 1795 516 -

100 544 203 586 tota
232 542 382 600 igitur
412 541 561 584 oratio
593 541 817 598 Diogenis
859 541 972 584 illuc
1011 542 1234 597 pertinet:
1282 541 1582 584 transitiones
1613 543 1667 584 ut
1699 541 1795 584 effi-

101 602 197 646 ciat
227 600 532 656 Empedocles
566 601 746 643 animas
786 614 971 644 necesse
1015 603 1086 643 est
1123 615 1207 656 per
1239 615 1285 644 80
1317 600 1445 657 ipsas
1475 601 1628 643 vivere
1661 614 1795 656 posse

101 661 328 705 concedat
366 662 513 717 (nam,
562 660 601 703 si
640 660 830 715 quidem
868 662 1132 715 transeunt,
1181 674 1234 703 eo
1273 660 1376 715 ipso
1414 661 1643 715 tempore,
1691 674 1797 704 cum

99 721 366 774 transeunt,
412 719 634 762 nimirum
677 734 760 775 per
807 734 853 762 80
892 720 1093 776 vivunt);
1150 720 1221 762 sin
1261 722 1419 763 autem
1457 734 1540 775 per
1579 735 1625 763 80
1668 719 1796 776 ipsas

99 780 254 824 vivere
286 781 498 834 possunt,
532 792 902 835 supervacaneae
942 781 1051 822 sunt
1080 778 1190 822 illae
1223 779 1524 822 transitiones
1555 778 1796 835 multoque

103 838 363 895 simplicius
397 838 576 880 animas
608 853 692 894 per
724 853 770 881 80
803 839 929 894 ipsas
960 838 1247 881 immortales
1279 838 1506 881 redderet.

218 913 261 941 v.
289 902 315 941 8
365 899 518 941 ἑαυτῶ
550 911 634 954 pro
668 903 864 953 σεαυτῶ,
898 897 1023 953 quod
1055 897 1176 940 nihil
1206 898 1351 941 habet
1383 897 1674 951 offensionis,
1722 898 1797 940 his

100 959 259 1000 tamen
300 957 351 999 in
397 957 673 1014 fragmentis
720 971 813 1000 non
859 957 950 1000 nisi
996 957 1074 1000 hic
1112 957 1362 1012 invenitur,
1403 957 1635 1012 siquidem
1673 958 1796 1000 recte

100 1016 246 1060 verba
279 1016 497 1072 suppleta
530 1019 650 1060 sunt.

223 1090 307 1134 001.
339 1089 382 1133 ΙΙ
411 1106 453 1133 v.
480 1094 626 1133 4—14
672 1105 814 1133 unam
861 1090 910 1133 in
952 1091 1232 1134 sententiam
1271 1090 1414 1134 verba
1454 1090 1797 1146 comprehendi.

105 1155 188 1194 aut
218 1151 338 1194 enim
370 1151 553 1194 animas
579 1164 662 1205 per
692 1164 736 1194 se
766 1151 888 1194 solas
919 1150 1193 1194 immortales
1224 1156 1263 1194 te
1295 1150 1477 1194 reddere
1501 1155 1685 1206 oportet,
1716 1155 1800 1193 aut

102 1210 145 1254 si
176 1210 472 1254 transitiones
509 1210 616 1253 illas
655 1209 786 1253 nobis
823 1209 1060 1262 narrabis,
1108 1210 1193 1253 tibi
1230 1209 1408 1265 quidem
1448 1223 1542 1253 non
1572 1209 1801 1253 credemus

105 1270 262 1324 (immo
296 1269 454 1324 potius
491 1283 568 1312 eas
604 1269 646 1312 si
677 1283 763 1324 per
799 1282 844 1312 se
881 1282 1063 1312 manere
1101 1282 1195 1312 non
1225 1274 1441 1324 possunt,
1482 1274 1587 1324 post
1616 1273 1799 1312 mortem

103 1329 292 1372 interire
322 1329 688 1383 arbitrabimur).

222 1403 264 1430 v.
298 1392 443 1430 9—12
490 1387 567 1431 ἵνα
612 1399 696 1431 σου
736 1388 791 1431 τὸ
830 1389 1123 1441 πανέσχατον
1163 1389 1444 1442 σενμότερον
1475 1389 1655 1442 ὑπῆρχε
1698 1386 1796 1444 [τὸ]

107 1447 316 1504 ψεῦσμα]
379 1452 431 1490 ut
462 1452 737 1502 postremum
775 1447 1062 1490 mendacium
1100 1451 1230 1490 tuum
1267 1447 1496 1491 honestius
1527 1451 1647 1490 esset.
1712 1446 1799 1489 hoc

103 1508 391 1562 postremum
422 1506 717 1548 mendacium
758 1508 829 1548 est
867 1505 1096 1560 placitum
1127 1505 1245 1548 illud
1276 1505 1587 1562 Empedoclis,
1621 1505 1799 1548 animas

106 1566 164 1609 ab
196 1565 369 1608 infimis
402 1564 683 1608 animalibus
717 1565 777 1607 ad
816 1564 1055 1621 superiora
1093 1565 1329 1623 gradatim
1369 1565 1672 1608 ascendentes
1718 1578 1800 1621 po-

105 1627 275 1669 stremo
301 1624 361 1667 ad
386 1625 495 1668 deos
525 1625 778 1681 pervenire,
811 1625 937 1679 quod
967 1624 1122 1680 ipsum
1155 1638 1237 1668 suo
1270 1624 1412 1668 exitio
1444 1625 1577 1680 quasi
1610 1625 1660 1667 in
1692 1625 1801 1668 deo-

102 1699 209 1728 rum
255 1685 439 1727 coetum
486 1684 724 1727 sublatum
771 1683 1065 1727 confirmasse
1105 1683 1266 1727 fabula
1306 1686 1417 1727 erat.
1480 1684 1640 1740 itaque
1683 1684 1802 1727 talia

104 1744 200 1787 iam
241 1745 380 1787 antea
420 1743 505 1787 001.
537 1743 580 1786 H
609 1759 650 1787 v.
680 1748 792 1786 1—3
833 1743 989 1799 posita
1027 1743 1170 1787 fuisse
1202 1743 1454 1787 verisimile
1487 1745 1569 1787 est.
1634 1743 1801 1799 Empe-

107 1803 287 1847 doclem
320 1804 477 1846 autem
508 1803 707 1846 irridens
739 1803 939 1858 scriptor
970 1803 1086 1845 dicit
1115 1803 1204 1846 hoc
1235 1803 1530 1846 mendacium
1554 1803 1802 1846 honestum

106 1863 250 1906 etiam
280 1863 522 1906 honestius
554 1877 667 1916 0880,
701 1862 740 1906 81
772 1863 959 1906 omnino
992 1862 1171 1905 animas
1203 1877 1287 1918 per
1317 1875 1363 1904 80
1388 1862 1675 1908 immortales
1698 1862 1801 1905 red-

95 1922 251 1980 deret.
331 1936 391 1964 an
438 1923 672 1977 ὑπήρχετο
721 1921 1016 1965 scribendum
1065 1923 1167 1965 est?
1243 1927 1294 1965 ut
1339 1922 1626 1966 mendacium
1672 1927 1803 1966 tuum

99 1987 379 2038 postremum
399 1982 640 2025 'honestius
670 1982 856 2025 initium
887 1982 1129 2026 habiturus
1158 1987 1279 2025 esset.

231 2070 300 2114 fr.
325 2069 551 2115 XXXVI
584 2069 667 2113 001.
693 2070 829 2125 Isqq.
865 2069 1018 2113 adhuc
1060 2069 1116 2112 de
1157 2069 1315 2112 anima
1354 2070 1512 2127 agitur
1542 2072 1649 2126 post
1682 2083 1804 2114 mor-

108 2131 205 2174 tem
236 2143 330 2173 non
360 2131 684 2186 permanente3
716 2129 995 2172 refelluntur
1019 2128 1164 2172 Stoici
1195 2129 1304 2172 inde
1339 2143 1366 2172 a
1395 2144 1437 2173 v.
1466 2133 1534 2172 13.

230 2189 315 2232 col.
348 2188 369 2231 Ι
401 2188 585 2232 ostendi
615 2188 802 2232 videtur
834 2189 1039 2232 animam
1070 2189 1168 2232 sine
1203 2202 1391 2245 corpore
1423 2203 1507 2244 per
1537 2203 1584 2232 80
1617 2191 1804 2244 (μονου-

110 2250 245 2304 μένη)
293 2249 474 2291 exstare
522 2261 615 2291 non
653 2261 802 2304 posse.
867 2248 946 2291 cfr.
979 2247 1064 2306 Ep.
1099 2262 1169 2303 ep.
1203 2247 1222 2290 I
1249 2252 1304 2291 65
1337 2247 1431 2304 (Us.
1464 2262 1508 2303 p.
1544 2252 1614 2302 21,
1640 2249 1803 2304 8sqq.)

109 2310 157 2351 et
187 2308 320 2351 Lucr.
353 2306 418 2350 ΠῙ
446 2322 490 2351 V.
515 2312 766 2361 434—444,
800 2311 1048 2351 565—579.

228 2381 311 2425 001.
346 2381 388 2424 Π
417 2396 459 2425 v.
493 2386 638 2424 2—12
679 2380 928 2437 Chrysippi
968 2381 1203 2425 sententia
1242 2384 1325 2435 est,
1367 2380 1448 2424 cfr.
1480 2380 1616 2438 Diog.
1650 2380 1802 2425 Laert.

108 2439 195 2484 VII
221 2445 320 2491 157,
360 2441 525 2484 Arium
555 2439 811 2497 Didymum
844 2440 1043 2498 Doxogr.
1069 2455 1114 2496 p.
1141 2445 1241 2495 471,
1270 2444 1324 2484 18
1342 2454 1441 2496 sqq.
1473 2439 1602 2484 Diels
1633 2443 1721 2495 τὴν
1753 2443 1804 2485 δὲ

42 2530 46 2533 -
110 2503 268 2555 ψυχὴν
314 2502 518 2555 γενητὴν
565 2503 639 2544 καὶ
686 2502 901 2556 φθαρτὴν
948 2503 1162 2553 λέγουσιν
1209 2502 1291 2555 (80.
1332 2500 1376 2544 οἱ
1421 2500 1647 2556 Στωικοί).
1719 2502 1805 2544 οὐκ

112 2561 250 2612 εὐθὺς
288 2561 340 2604 δὲ
378 2565 462 2603 τοῦ
504 2562 720 2614 σώματος
758 2562 1099 2612 ἀπαλλαγεῖσαν
1132 2560 1414 2614 φθείρεσθαι,
1446 2559 1545 2603 ἀλλ’
1574 2560 1804 2613 ἐπιμένειν

109 2633 239 2672 τινας
277 2620 474 2674 χρόνους
512 2619 615 2663 καθ’
645 2620 838 2674 ἑαυτήν·
886 2621 974 2673 τὴν
1014 2620 1097 2672 μὲν
1128 2622 1225 2662 τῶν
1258 2619 1527 2663 σπουδαίων
1560 2620 1689 2673 μέχρι
1720 2623 1806 2674 τῆς

111 2677 175 2730 εἰς
203 2682 296 2733 πῦρ
329 2680 595 2731 ἀναλύσεως
625 2683 723 2722 τῶν
753 2679 958 2733 πάντων,
990 2681 1077 2732 τὴν
1109 2679 1159 2721 δὲ
1189 2682 1287 2722 τῶν
1320 2679 1545 2733 ἀφρόνων
1576 2679 1692 2732 πρὸς
1722 2693 1804 2722 πο-

34 2754 41 2778 :
112 2739 225 2790 σούς
252 2752 380 2790 τινας
410 2739 618 2793 χρόνους.
665 2739 721 2781 τὸ
754 2739 804 2781 δὲ
837 2739 1066 2791 διαμένειν
1097 2738 1181 2789 τὰς
1211 2738 1363 2791 ψυχὰς
1393 2738 1545 2789 οὕτως
1575 2738 1803 2791 λέγουσιν,
1875 2761 1890 2767 «ν

112 2797 183 2840 ὅτι
215 2798 489 2851 διαμένομεν
520 2799 652 2851 ἡμεῖς
682 2799 826 2851 ψυχαὶ
855 2798 1098 2851 γενόμενοι
1127 2800 1212 2839 τοῦ
1253 2797 1470 2850 σώματος
1500 2799 1806 2850 χωρισθέντες

112 2858 187 2900 καὶ
218 2855 282 2908 εἰς
312 2856 490 2900 ἐλάττω
523 2857 858 2910 μεταβαλόντες
889 2856 1052 2900 οὐσίαν
1081 2857 1169 2910 τὴν
1199 2858 1285 2909 τῆς
1314 2859 1480 2911 ψυχῆς,
1513 2855 1597 2908 τὰς
1626 2857 1676 2899 δέ
1707 2861 1805 2900 τῶν

51 2965 53 2968 ,
112 2916 337 2970 ἀφρόνων
370 2918 444 2958 καὶ
476 2915 662 2968 ἀλόγων
693 2917 830 2972 Ζῴων
868 2916 1021 2970 ψυχὰς
1058 2915 1434 2959 συναπόλλυσθαι
1470 2919 1570 2967 τοῖς
1607 2917 1803 2968 σώμασι.
