2066 3146
801 91 1181 136 ...xm-

149 234 273 282 drat.
350 238 407 282 ut
443 237 611 282 tamen
657 235 904 297 integram
945 233 1180 296 Diogenis
1223 234 1490 296 imaginem
1531 233 1839 297 effingamus,

149 324 423 356 sermonem
470 323 662 370 quoque
710 309 813 355 eius
860 308 1100 368 respicere
1147 323 1208 353 ne
1247 309 1560 367 omittamus,
1604 307 1835 368 quoniam

149 383 292 431 stilus
333 384 408 431 est
445 382 605 430 homo.
684 382 834 443 atque
872 380 1161 443 Diogenem,
1202 382 1428 442 quamvis
1467 381 1747 429 Atticorum
1789 385 1839 429 et

146 457 498 505 Atticistarum
543 471 677 503 more
725 451 978 515 πράττειν
1023 470 1114 516 pro
1162 451 1431 515 πράσσειν
1475 454 1631 514 dicat,
1669 457 1834 503 tamen

146 531 396 593 plebeium
434 545 707 577 sermonem
749 530 948 576 omnino
980 544 1153 576 exuere
1185 545 1282 576 non
1315 529 1532 590 potuisse
1573 529 1718 577 facile
1758 545 1835 577 co-

105 662 109 667 ,
148 606 414 669 gnoscitur.
493 619 603 650 cum
652 607 818 651 autem
866 603 965 651 illis
1004 603 1308 664 temporibus
1356 595 1586 667 (exeunte
1638 605 1836 651 saeculo

149 670 385 744 secundo)
426 677 652 725 doctrina
692 693 881 737 eorum,
929 678 1015 738 qui
1052 676 1248 724 Atticos
1288 678 1552 738 scriptores
1593 677 1687 724 sibi
1725 677 1835 724 imi-

146 752 324 800 tandos
363 751 720 814 proponebant,
764 752 915 798 talem
954 752 1054 797 iam
1095 752 1194 798 vim
1234 754 1416 798 nancta
1455 751 1543 810 sit,
1582 754 1639 798 ut
1677 768 1836 812 nemo,

146 829 189 876 si
228 826 424 888 quidem
465 825 651 887 scripta
690 841 778 873 sua
817 826 868 872 in
908 825 1178 872 multorum
1218 825 1449 872 notitiam
1488 826 1694 886 perferri
1734 826 1833 874 vel-

144 902 229 960 let,
269 899 465 963 vulgari
506 915 728 947 sermone
775 901 826 945 in
866 899 1122 947 scribendo
1161 901 1239 946 uti
1275 901 1454 960 posset,
1494 899 1676 946 litteris
1716 915 1834 961 quo-

147 991 242 1037 que
294 991 404 1022 eum
455 974 618 1021 minus
668 974 880 1035 politum
931 989 1033 1022 esse
1080 973 1325 1033 videmus,
1373 989 1524 1034 quam
1569 976 1678 1020 tum
1719 990 1836 1022 usus

144 1048 357 1110 ferebat3
410 1048 462 1095 id
518 1048 648 1109 quod
703 1063 816 1095 cum
862 1047 1147 1111 ignorantia
1198 1047 1307 1094 eius
1355 1047 1540 1108 optime
1594 1049 1834 1111 congruit.

258 1122 420 1179 Quare
460 1138 637 1183 operae
677 1123 893 1184 pretium
937 1137 1038 1169 esse
1078 1121 1276 1169 videtur
1314 1121 1373 1168 de
1413 1121 1690 1169 elocutione
1731 1123 1835 1170 eius

146 1212 306 1262 agere,
345 1199 395 1244 et
432 1212 674 1257 exponere
715 1199 957 1257 quatenus
996 1195 1217 1258 vulgaris
1257 1197 1494 1243 sermonis
1534 1197 1679 1258 signa
1717 1212 1835 1257 prae

145 1286 195 1319 se
234 1272 375 1318 ferat.
456 1286 553 1331 qua
591 1272 643 1316 in
681 1287 734 1317 re
773 1271 984 1331 primum
1023 1269 1320 1317 monendum
1353 1272 1442 1330 est,
1480 1268 1835 1318 Atticistarum

150 1361 343 1407 quoque
384 1346 569 1405 scripta
607 1359 707 1391 non
746 1344 894 1405 plane
934 1359 1098 1391 carere
1129 1343 1291 1405 plebei
1324 1345 1562 1392 sermonis
1595 1344 1835 1407 vestigiis,

144 1422 200 1466 ut
247 1435 304 1467 ex
350 1418 428 1464 W.
455 1417 692 1465 Schmidii
738 1417 865 1465 libro
911 1416 1195 1465 Atticismus
1242 1433 1532 1480 cognoscas,
1578 1418 1664 1466 ubi
1704 1419 1835 1480 apud

143 1507 542 1554 unumquemque
590 1484 876 1553 scriptorem
924 1492 1152 1554 vulgaria
1198 1492 1442 1539 voeabula
1489 1493 1664 1540 notata
1705 1496 1834 1541 sunt.

147 1568 318 1628 itaque
352 1582 689 1628 quaecumque
731 1581 874 1614 voces
907 1567 987 1614 vel
1024 1565 1259 1627 loquendi
1290 1567 1478 1614 formae
1510 1566 1645 1627 apud
1684 1567 1836 1628 scrip-

142 1643 274 1689 tores
334 1639 529 1688 Atticos
590 1656 689 1688 non
751 1642 965 1688 usitatae
1012 1640 1226 1703 Diogeni
1280 1656 1390 1688 cum
1436 1640 1538 1687 illis
1584 1640 1833 1689 Atticistis

145 1730 427 1763 communes
475 1717 612 1775 sunt,
654 1717 822 1762 tamen
861 1715 1090 1777 vulgares
1132 1716 1246 1761 sunt
1283 1714 1560 1774 habendae,
1601 1715 1642 1761 si
1682 1716 1834 1763 etiam

142 1791 196 1837 in
236 1789 432 1851 scriptis
472 1788 671 1852 vulgari
710 1804 932 1837 sermone
972 1790 1259 1850 compositis
1298 1788 1634 1836 inveniuntur.
1703 1789 1834 1837 idem

144 1863 203 1910 de
243 1863 497 1911 vocabulis
546 1861 812 1925 „poeticis“
861 1862 1156 1910 censendum
1197 1865 1290 1923 est,
1339 1863 1398 1910 de
1448 1862 1624 1923 quibus
1672 1864 1834 1911 confe-

142 1939 321 1985 rantur
360 1953 485 1998 quae
526 1937 748 1999 disputat
787 1936 980 1984 Thumb
1023 1936 1324 1984 Griechisclze
1353 1936 1566 1996 Sprachc
1603 1939 1671 1984 im
1709 1937 1834 1984 Zeit-

145 2012 267 2059 alter
297 2012 381 2058 cles
414 2011 742 2058 Hellenismus
780 2028 827 2073 p.
863 2013 966 2058 216
987 2026 1116 2072 sqq.,
1147 2010 1393 2072 imprimis
1424 2027 1471 2072 p.
1501 2013 1621 2059 224.
1684 2026 1831 2073 quae-

146 2100 354 2147 cumque
420 2086 551 2132 enim
616 2100 760 2133 voces
811 2083 1092 2146 „poeticae“
1149 2086 1450 2146 scriptorum
1506 2086 1835 2133 recentiorum

146 2160 296 2208 etiam
342 2160 395 2206 in
440 2158 870 2220 inscriptionibus,
907 2160 1135 2221 papyris,
1173 2174 1301 2206 novo
1342 2159 1680 2220 Testamento,
1721 2160 1835 2208 aliis

144 2234 365 2297 vulgaris
413 2234 652 2280 sermonis
706 2232 1002 2280 testimoniis
1054 2234 1269 2293 exstant,
1315 2248 1413 2280 non
1461 2233 1698 2281 orationis
1754 2250 1834 2280 ex-

146 2307 396 2355 ornandae
437 2322 585 2356 causa
617 2323 642 2354 c
675 2309 851 2368 poetis,
883 2307 967 2354 sed
1007 2324 1032 2354 e
1065 2322 1285 2354 sermone
1318 2308 1433 2355 vivo
1464 2306 1672 2356 haustae
1703 2310 1832 2356 sunt.

256 2381 330 2428 De
369 2380 607 2444 Diogenis
653 2380 889 2442 loquendi
927 2396 1021 2428 usu
1059 2381 1220 2428 multa
1265 2384 1414 2442 atque
1451 2381 1600 2429 utilia
1638 2397 1835 2444 compo-

145 2458 244 2503 sita
272 2454 398 2503 ‘sunt
435 2455 536 2502 iam
576 2454 638 2502 ab
676 2454 936 2516 Heberdey
975 2458 1026 2502 et
1063 2454 1281 2502 Kalinka
1320 2455 1454 2502 Ball.
1478 2457 1536 2503 de
1559 2470 1679 2504 corr.
1704 2456 1833 2503 Hell.

143 2530 260 2577 XXI
298 2546 345 2591 p.
381 2531 503 2589 427,
551 2528 638 2576 ubi
686 2528 833 2576 etiam
880 2528 1106 2576 tabulam
1151 2529 1343 2576 invenis
1382 2529 1666 2590 verborum,
1706 2546 1834 2591 quae

146 2603 207 2651 ob
247 2604 375 2650 hanc
421 2603 501 2651 vel
549 2603 701 2650 aliam
748 2618 948 2650 causam
986 2603 1203 2666 insignia
1243 2606 1370 2651 sunt.
1447 2619 1537 2651 nos
1574 2619 1705 2651 nunc
1744 2603 1834 2651 illa

143 2680 343 2725 tantum
381 2679 670 2736 tractamus,
709 2692 835 2738 quae
875 2677 938 2724 ad
968 2676 1219 2738 plebeium
1260 2678 1363 2726 eius
1396 2693 1667 2726 sermonem
1699 2693 1833 2738 spec-

145 2754 270 2799 tant.
336 2767 434 2799 non
474 2754 642 2799 tamen
682 2752 861 2813 omnia,
904 2766 1031 2812 quae
1060 2751 1157 2798 huc
1187 2752 1453 2813 pertinent,
1491 2767 1581 2800 nos
1619 2754 1833 2799 tractare
1874 2747 1878 2750 ”

144 2825 276 2874 haud
314 2825 601 2887 ignoramus
642 2840 799 2886 neque
839 2826 1101 2887 quisquam
1138 2824 1417 2885 mirabitur,
1455 2840 1567 2873 cum
1606 2826 1670 2874 ad
1707 2826 1834 2873 illud

144 2900 399 2963 negotium
456 2899 599 2961 plene
654 2898 1005 2960 perficiendum
1057 2899 1218 2947 multo
1277 2899 1601 2961 amplioribus
1655 2899 1832 2948 studiis
