<?xml version="1.0" encoding="UTF-8"?>
<!DOCTYPE html PUBLIC "-//W3C//DTD XHTML 1.0 Transitional//EN"
    "http://www.w3.org/TR/xhtml1/DTD/xhtml1-transitional.dtd">
<html xmlns="http://www.w3.org/1999/xhtml" xml:lang="en" lang="en">
 <head>
  <title>
</title>
<meta http-equiv="Content-Type" content="text/html;charset=utf-8" />
  <meta name='ocr-system' content='tesseract 3.04.00' />
  <meta name='ocr-capabilities' content='ocr_page ocr_carea ocr_par ocr_line ocrx_word'/>
</head>
<body>
  <div class='ocr_page' id='page_1' title='image "./fragmentaordinav00dioguoft_0046.png"; bbox 0 0 2066 3146; ppageno 0'>
   <div class='ocr_carea' id='block_1_1' title="bbox 858 135 1213 179">
    <p class='ocr_par' dir='ltr' id='par_1_1' title="bbox 858 135 1213 179">
     <span class='ocr_line' id='line_1_1' title="bbox 858 135 1213 179; baseline 0 -1"><span class='ocrx_word' id='word_1_1' title='bbox 858 163 912 168; x_wconf 92' lang='lat'>—</span> <span class='ocrx_word' id='word_1_2' title='bbox 974 135 1096 179; x_wconf 86' lang='lat' dir='ltr'>XLII</span> <span class='ocrx_word' id='word_1_3' title='bbox 1155 162 1213 167; x_wconf 90' lang='lat'>-—</span> 
     </span>
    </p>
   </div>
   <div class='ocr_carea' id='block_1_2' title="bbox 226 275 1918 2994">
    <p class='ocr_par' dir='ltr' id='par_1_2' title="bbox 323 275 1918 410">
     <span class='ocr_line' id='line_1_2' title="bbox 323 275 1918 335; baseline 0.001 -12"><span class='ocrx_word' id='word_1_4' title='bbox 323 279 371 323; x_wconf 74' lang='lat' dir='ltr'>in</span> <span class='ocrx_word' id='word_1_5' title='bbox 415 292 508 324; x_wconf 75' lang='grc' dir='ltr'>ιινιο</span> <span class='ocrx_word' id='word_1_6' title='bbox 547 278 733 323; x_wconf 70' lang='lat' dir='ltr'>homine</span> <span class='ocrx_word' id='word_1_7' title='bbox 762 278 928 335; x_wconf 70' lang='lat' dir='ltr'>posita</span> <span class='ocrx_word' id='word_1_8' title='bbox 968 280 1034 322; x_wconf 68' lang='lat' dir='ltr'>est</span> <span class='ocrx_word' id='word_1_9' title='bbox 1078 276 1215 323; x_wconf 77' lang='lat' dir='ltr'>salus</span> <span class='ocrx_word' id='word_1_10' title='bbox 1253 275 1658 330; x_wconf 74' lang='lat' dir='ltr'>Lacedaemonis,</span> <span class='ocrx_word' id='word_1_11' title='bbox 1700 275 1785 323; x_wconf 89' lang='lat' dir='ltr'>sed</span> <span class='ocrx_word' id='word_1_12' title='bbox 1825 291 1918 329; x_wconf 45' lang='lat' dir='ltr'>cxx</span> 
     </span>
     <span class='ocr_line' id='line_1_3' title="bbox 324 342 1881 410; baseline 0 -13"><span class='ocrx_word' id='word_1_13' title='bbox 324 365 416 397; x_wconf 69' lang='lat' dir='ltr'>areo</span> <span class='ocrx_word' id='word_1_14' title='bbox 456 352 643 397; x_wconf 68' lang='lat' dir='ltr'>homine</span> <span class='ocrx_word' id='word_1_15' title='bbox 684 353 762 404; x_wconf 71' lang='lat' dir='ltr'>est,</span> <span class='ocrx_word' id='word_1_16' title='bbox 804 364 859 396; x_wconf 65' lang='lat' dir='ltr'>ex</span> <span class='ocrx_word' id='word_1_17' title='bbox 897 363 993 395; x_wconf 60' lang='lat' dir='ltr'>‘amo</span> <span class='ocrx_word' id='word_1_18' title='bbox 1031 342 1220 396; x_wconf 74' lang='lat' dir='ltr'>homine</span> <span class='ocrx_word' id='word_1_19' title='bbox 1253 351 1441 408; x_wconf 75' lang='lat' dir='ltr'>pendet,</span> <span class='ocrx_word' id='word_1_20' title='bbox 1483 352 1533 396; x_wconf 85' lang='lat' dir='ltr'>et</span> <span class='ocrx_word' id='word_1_21' title='bbox 1575 352 1716 396; x_wconf 78' lang='lat'>1770</span> <span class='ocrx_word' id='word_1_22' title='bbox 1755 346 1881 410; x_wconf 81' lang='grc' dir='ltr'>παρ&gt;</span> 
     </span>
    </p>

    <p class='ocr_par' dir='ltr' id='par_1_3' title="bbox 322 419 1878 483">
     <span class='ocr_line' id='line_1_4' title="bbox 322 419 1878 483; baseline 0.001 -12"><span class='ocrx_word' id='word_1_23' title='bbox 322 421 458 483; x_wconf 86' lang='grc' dir='ltr'>ἡμᾶς</span> <span class='ocrx_word' id='word_1_24' title='bbox 486 420 683 482; x_wconf 86' lang='grc' dir='ltr'>αὐτούς</span> <span class='ocrx_word' id='word_1_25' title='bbox 709 419 823 470; x_wconf 89' lang='grc' dir='ltr'>ἐστι</span> <span class='ocrx_word' id='word_1_26' title='bbox 857 420 940 470; x_wconf 89' lang='grc' dir='ltr'>καὶ</span> <span class='ocrx_word' id='word_1_27' title='bbox 975 419 1036 469; x_wconf 88' lang='grc' dir='ltr'>τὸ</span> <span class='ocrx_word' id='word_1_28' title='bbox 1070 421 1247 481; x_wconf 84' lang='grc' dir='ltr'>καλῶς</span> <span class='ocrx_word' id='word_1_29' title='bbox 1280 420 1364 470; x_wconf 87' lang='grc' dir='ltr'>καὶ</span> <span class='ocrx_word' id='word_1_30' title='bbox 1408 420 1469 471; x_wconf 90' lang='grc' dir='ltr'>τὸ</span> <span class='ocrx_word' id='word_1_31' title='bbox 1503 423 1677 483; x_wconf 80' lang='grc' dir='ltr'>κακῶς</span> <span class='ocrx_word' id='word_1_32' title='bbox 1719 419 1878 472; x_wconf 88' lang='grc' dir='ltr'>ἀκού-</span> 
     </span>
    </p>

    <p class='ocr_par' dir='ltr' id='par_1_4' title="bbox 324 496 1882 556">
     <span class='ocr_line' id='line_1_5' title="bbox 324 496 1882 556; baseline 0 -11"><span class='ocrx_word' id='word_1_33' title='bbox 324 512 399 546; x_wconf 85' lang='grc' dir='ltr'>ειν</span> <span class='ocrx_word' id='word_1_34' title='bbox 447 498 647 544; x_wconf 86' lang='lat' dir='ltr'>minime</span> <span class='ocrx_word' id='word_1_35' title='bbox 694 498 824 543; x_wconf 87' lang='lat' dir='ltr'>recte</span> <span class='ocrx_word' id='word_1_36' title='bbox 864 496 1077 543; x_wconf 87' lang='lat' dir='ltr'>vertitur</span> <span class='ocrx_word' id='word_1_37' title='bbox 1106 498 1159 543; x_wconf 75' lang='lat' dir='ltr'>in</span> <span class='ocrx_word' id='word_1_38' title='bbox 1205 499 1372 543; x_wconf 73' lang='lat' dir='ltr'>nostra</span> <span class='ocrx_word' id='word_1_39' title='bbox 1395 501 1628 556; x_wconf 71' lang='lat' dir='ltr'><em>potestate</em></span> <span class='ocrx_word' id='word_1_40' title='bbox 1660 501 1727 545; x_wconf 75' lang='lat' dir='ltr'>est</span> <span class='ocrx_word' id='word_1_41' title='bbox 1766 499 1882 545; x_wconf 77' lang='lat' dir='ltr'>benc</span> 
     </span>
    </p>

    <p class='ocr_par' dir='ltr' id='par_1_5' title="bbox 320 565 1879 630">
     <span class='ocr_line' id='line_1_6' title="bbox 320 565 1879 630; baseline 0 -12"><span class='ocrx_word' id='word_1_42' title='bbox 320 575 361 618; x_wconf 73' lang='lat' dir='ltr'>et</span> <span class='ocrx_word' id='word_1_43' title='bbox 400 571 522 618; x_wconf 78' lang='lat' dir='ltr'>male.</span> <span class='ocrx_word' id='word_1_44' title='bbox 561 571 746 630; x_wconf 68' lang='grc' dir='ltr'>αἰιιῐιῗνο,</span> <span class='ocrx_word' id='word_1_45' title='bbox 787 585 897 617; x_wconf 91' lang='lat' dir='ltr'>cum</span> <span class='ocrx_word' id='word_1_46' title='bbox 936 565 1082 628; x_wconf 83' lang='grc' dir='ltr'>παρά</span> <span class='ocrx_word' id='word_1_47' title='bbox 1121 569 1201 617; x_wconf 92' lang='lat' dir='ltr'>hic</span> <span class='ocrx_word' id='word_1_48' title='bbox 1241 573 1291 616; x_wconf 91' lang='lat' dir='ltr'>et</span> <span class='ocrx_word' id='word_1_49' title='bbox 1336 571 1484 630; x_wconf 86' lang='lat' dir='ltr'>paulo</span> <span class='ocrx_word' id='word_1_50' title='bbox 1533 573 1679 618; x_wconf 88' lang='lat' dir='ltr'>antea</span> <span class='ocrx_word' id='word_1_51' title='bbox 1730 572 1879 619; x_wconf 84' lang='lat' dir='ltr'>177d</span> 
     </span>
    </p>

    <p class='ocr_par' dir='ltr' id='par_1_6' title="bbox 321 637 1882 709">
     <span class='ocr_line' id='line_1_7' title="bbox 321 637 1882 709; baseline 0 -17"><span class='ocrx_word' id='word_1_52' title='bbox 321 640 468 709; x_wconf 70' lang='lat' dir='ltr'>(uoto³</span> <span class='ocrx_word' id='word_1_53' title='bbox 496 637 657 708; x_wconf 80' lang='grc' dir='ltr'>ἡμᾶς)</span> <span class='ocrx_word' id='word_1_54' title='bbox 689 644 953 690; x_wconf 87' lang='lat' dir='ltr'>manifesto</span> <span class='ocrx_word' id='word_1_55' title='bbox 978 643 1233 705; x_wconf 83' lang='lat' dir='ltr'>propriam</span> <span class='ocrx_word' id='word_1_56' title='bbox 1257 645 1359 691; x_wconf 88' lang='lat' dir='ltr'>vim</span> <span class='ocrx_word' id='word_1_57' title='bbox 1391 644 1573 692; x_wconf 86' lang='lat' dir='ltr'>habeat</span> <span class='ocrx_word' id='word_1_58' title='bbox 1594 645 1882 693; x_wconf 73' lang='lat' dir='ltr'>secundum:</span> 
     </span>
    </p>

    <p class='ocr_par' dir='ltr' id='par_1_7' title="bbox 319 716 1884 777">
     <span class='ocr_line' id='line_1_8' title="bbox 319 716 1884 777; baseline 0.002 -13"><span class='ocrx_word' id='word_1_59' title='bbox 319 719 423 765; x_wconf 80' lang='lat' dir='ltr'>Der</span> <span class='ocrx_word' id='word_1_60' title='bbox 457 721 568 777; x_wconf 71' lang='lat' dir='ltr'>yutc</span> <span class='ocrx_word' id='word_1_61' title='bbox 606 718 708 764; x_wconf 30' lang='lat' dir='ltr'>‘med</span> <span class='ocrx_word' id='word_1_62' title='bbox 748 717 832 764; x_wconf 80' lang='lat' dir='ltr'>der</span> <span class='ocrx_word' id='word_1_63' title='bbox 869 716 1094 764; x_wconf 75' lang='lat' dir='ltr'>schlechte</span> <span class='ocrx_word' id='word_1_64' title='bbox 1132 717 1247 776; x_wconf 72' lang='lat' dir='ltr'>Rus</span> <span class='ocrx_word' id='word_1_65' title='bbox 1283 718 1450 765; x_wconf 75' lang='lat' dir='ltr'>riehtet</span> <span class='ocrx_word' id='word_1_66' title='bbox 1485 720 1586 766; x_wconf 74' lang='lat' dir='ltr'>sich</span> <span class='ocrx_word' id='word_1_67' title='bbox 1622 720 1747 767; x_wconf 73' lang='lat' dir='ltr'>nach</span> <span class='ocrx_word' id='word_1_68' title='bbox 1785 734 1884 767; x_wconf 74' lang='lat' dir='ltr'>was</span> 
     </span>
    </p>

    <p class='ocr_par' dir='ltr' id='par_1_8' title="bbox 315 791 1179 846">
     <span class='ocr_line' id='line_1_9' title="bbox 315 791 1179 846; baseline 0 -8"><span class='ocrx_word' id='word_1_69' title='bbox 315 792 479 846; x_wconf 75' lang='lat' dir='ltr'>selber,</span> <span class='ocrx_word' id='word_1_70' title='bbox 518 792 642 838; x_wconf 70' lang='lat' dir='ltr'>nach</span> <span class='ocrx_word' id='word_1_71' title='bbox 680 806 875 837; x_wconf 72' lang='lat' dir='ltr'>unserm</span> <span class='ocrx_word' id='word_1_72' title='bbox 911 791 1179 838; x_wconf 73' lang='lat' dir='ltr'>Verhalten.</span> 
     </span>
    </p>

    <p class='ocr_par' dir='ltr' id='par_1_9' title="bbox 230 862 1918 1517">
     <span class='ocr_line' id='line_1_10' title="bbox 230 862 1881 925; baseline 0.001 -13"><span class='ocrx_word' id='word_1_73' title='bbox 230 867 275 912; x_wconf 96' lang='grc'><strong>2.</strong></span> <span class='ocrx_word' id='word_1_74' title='bbox 316 862 414 925; x_wconf 74' lang='grc' dir='ltr'>ὑφ’</span> <span class='ocrx_word' id='word_1_75' title='bbox 464 862 574 913; x_wconf 77' lang='grc' dir='ltr'>ἕνα</span> <span class='ocrx_word' id='word_1_76' title='bbox 622 862 845 924; x_wconf 85' lang='grc' dir='ltr'>καιρόν</span> <span class='ocrx_word' id='word_1_77' title='bbox 885 866 943 911; x_wconf 87' lang='lat' dir='ltr'>fr.</span> <span class='ocrx_word' id='word_1_78' title='bbox 977 864 1239 911; x_wconf 89' lang='lat' dir='ltr'>XXXVIII</span> <span class='ocrx_word' id='word_1_79' title='bbox 1285 865 1425 912; x_wconf 88' lang='lat' dir='ltr'>col.I</span> <span class='ocrx_word' id='word_1_80' title='bbox 1461 867 1541 913; x_wconf 88' lang='lat'>13.</span> <span class='ocrx_word' id='word_1_81' title='bbox 1620 863 1725 914; x_wconf 83' lang='grc' dir='ltr'>ὑπὸ</span> <span class='ocrx_word' id='word_1_82' title='bbox 1767 882 1881 914; x_wconf 89' lang='lat' dir='ltr'>cum</span> 
     </span>
     <span class='ocr_line' id='line_1_11' title="bbox 316 938 1881 1001; baseline 0.002 -16"><span class='ocrx_word' id='word_1_83' title='bbox 316 953 413 986; x_wconf 87' lang='lat' dir='ltr'>acc.</span> <span class='ocrx_word' id='word_1_84' title='bbox 454 954 559 985; x_wconf 83' lang='lat' dir='ltr'>non·</span> <span class='ocrx_word' id='word_1_85' title='bbox 589 940 786 1000; x_wconf 86' lang='lat' dir='ltr'>tempus</span> <span class='ocrx_word' id='word_1_86' title='bbox 819 938 1116 1000; x_wconf 87' lang='lat' dir='ltr'>significans,</span> <span class='ocrx_word' id='word_1_87' title='bbox 1156 938 1244 985; x_wconf 92' lang='lat' dir='ltr'>sub</span> <span class='ocrx_word' id='word_1_88' title='bbox 1277 939 1409 1000; x_wconf 84' lang='lat' dir='ltr'>quod</span> <span class='ocrx_word' id='word_1_89' title='bbox 1440 940 1631 1001; x_wconf 89' lang='lat' dir='ltr'>aliquid</span> <span class='ocrx_word' id='word_1_90' title='bbox 1668 940 1742 1001; x_wconf 90' lang='lat' dir='ltr'>fit,</span> <span class='ocrx_word' id='word_1_91' title='bbox 1780 941 1810 987; x_wconf 89' lang='lat' dir='ltr'>i.</span> <span class='ocrx_word' id='word_1_92' title='bbox 1838 959 1881 988; x_wconf 81' lang='lat' dir='ltr'>e.</span> 
     </span>
     <span class='ocr_line' id='line_1_12' title="bbox 317 1011 1876 1075; baseline 0.001 -15"><span class='ocrx_word' id='word_1_93' title='bbox 317 1012 418 1060; x_wconf 86' lang='lat' dir='ltr'>sive</span> <span class='ocrx_word' id='word_1_94' title='bbox 458 1013 627 1059; x_wconf 84' lang='lat' dir='ltr'>eodem</span> <span class='ocrx_word' id='word_1_95' title='bbox 665 1014 887 1073; x_wconf 86' lang='lat' dir='ltr'>tempore</span> <span class='ocrx_word' id='word_1_96' title='bbox 928 1011 1030 1060; x_wconf 85' lang='lat' dir='ltr'>sive</span> <span class='ocrx_word' id='word_1_97' title='bbox 1070 1013 1219 1074; x_wconf 85' lang='lat' dir='ltr'>paulo</span> <span class='ocrx_word' id='word_1_98' title='bbox 1261 1016 1407 1060; x_wconf 83' lang='lat' dir='ltr'>antea</span> <span class='ocrx_word' id='word_1_99' title='bbox 1446 1014 1526 1061; x_wconf 87' lang='lat' dir='ltr'>vel</span> <span class='ocrx_word' id='word_1_100' title='bbox 1564 1016 1762 1075; x_wconf 79' lang='lat' dir='ltr'>postea,</span> <span class='ocrx_word' id='word_1_101' title='bbox 1792 1015 1876 1063; x_wconf 86' lang='lat' dir='ltr'>sed</span> 
     </span>
     <span class='ocr_line' id='line_1_13' title="bbox 323 1086 1918 1150; baseline 0.001 -17"><span class='ocrx_word' id='word_1_102' title='bbox 323 1089 506 1133; x_wconf 88' lang='lat' dir='ltr'>certum</span> <span class='ocrx_word' id='word_1_103' title='bbox 549 1086 785 1147; x_wconf 87' lang='lat' dir='ltr'>temporis</span> <span class='ocrx_word' id='word_1_104' title='bbox 823 1087 1143 1146; x_wconf 74' lang='lat' dir='ltr'>momentum,</span> <span class='ocrx_word' id='word_1_105' title='bbox 1182 1088 1234 1133; x_wconf 92' lang='lat' dir='ltr'>in</span> <span class='ocrx_word' id='word_1_106' title='bbox 1274 1087 1470 1150; x_wconf 85' lang='lat' dir='ltr'>vulgari</span> <span class='ocrx_word' id='word_1_107' title='bbox 1508 1103 1601 1135; x_wconf 90' lang='lat' dir='ltr'>usu</span> <span class='ocrx_word' id='word_1_108' title='bbox 1639 1089 1881 1136; x_wconf 80' lang='lat' dir='ltr'>sermonis</span> <span class='ocrx_word' id='word_1_109' title='bbox 1916 1087 1918 1089; x_wconf 71' lang='grc'><strong>’</strong></span> 
     </span>
     <span class='ocr_line' id='line_1_14' title="bbox 317 1156 1873 1222; baseline 0.001 -15"><span class='ocrx_word' id='word_1_110' title='bbox 317 1164 402 1220; x_wconf 78' lang='lat' dir='ltr'>est,</span> <span class='ocrx_word' id='word_1_111' title='bbox 443 1161 527 1206; x_wconf 87' lang='lat' dir='ltr'>cfr.</span> <span class='ocrx_word' id='word_1_112' title='bbox 562 1161 722 1220; x_wconf 82' lang='lat' dir='ltr'>Epict.</span> <span class='ocrx_word' id='word_1_113' title='bbox 748 1159 824 1206; x_wconf 94' lang='lat' dir='ltr'>III</span> <span class='ocrx_word' id='word_1_114' title='bbox 852 1161 935 1220; x_wconf 87' lang='grc'>22,</span> <span class='ocrx_word' id='word_1_115' title='bbox 963 1161 1029 1207; x_wconf 87' lang='grc'>33</span> <span class='ocrx_word' id='word_1_116' title='bbox 1073 1156 1138 1208; x_wconf 87' lang='grc' dir='ltr'>ἂν</span> <span class='ocrx_word' id='word_1_117' title='bbox 1173 1156 1219 1207; x_wconf 74' lang='grc' dir='ltr'>δ’</span> <span class='ocrx_word' id='word_1_118' title='bbox 1261 1158 1459 1220; x_wconf 82' lang='grc' dir='ltr'>αὐτοὺς</span> <span class='ocrx_word' id='word_1_119' title='bbox 1503 1157 1553 1209; x_wconf 79' lang='grc' dir='ltr'>οἱ</span> <span class='ocrx_word' id='word_1_120' title='bbox 1585 1157 1767 1222; x_wconf 84' lang='grc' dir='ltr'>Τρῶες</span> <span class='ocrx_word' id='word_1_121' title='bbox 1808 1160 1873 1222; x_wconf 86' lang='grc' dir='ltr'>μὴ</span> 
     </span>
     <span class='ocr_line' id='line_1_15' title="bbox 315 1229 1881 1297; baseline 0.001 -15"><span class='ocrx_word' id='word_1_122' title='bbox 315 1230 718 1290; x_wconf 82' lang='grc' dir='ltr'>ἀποκτείνωσιν,</span> <span class='ocrx_word' id='word_1_123' title='bbox 760 1230 824 1282; x_wconf 86' lang='grc' dir='ltr'>οὐ</span> <span class='ocrx_word' id='word_1_124' title='bbox 866 1231 931 1293; x_wconf 83' lang='grc' dir='ltr'>μὴ</span> <span class='ocrx_word' id='word_1_125' title='bbox 974 1229 1349 1292; x_wconf 82' lang='grc' dir='ltr'>ἀποθάνωσιν;</span> <span class='ocrx_word' id='word_1_126' title='bbox 1375 1262 1443 1267; x_wconf 92' lang='lat'>—</span> <span class='ocrx_word' id='word_1_127' title='bbox 1470 1231 1578 1292; x_wconf 91' lang='grc' dir='ltr'>ναί,</span> <span class='ocrx_word' id='word_1_128' title='bbox 1620 1231 1734 1283; x_wconf 78' lang='grc' dir='ltr'>ἀλλ’</span> <span class='ocrx_word' id='word_1_129' title='bbox 1776 1232 1881 1297; x_wconf 86' lang='grc' dir='ltr'>οὐχ</span> 
     </span>
     <span class='ocr_line' id='line_1_16' title="bbox 314 1303 1874 1373; baseline 0.003 -19"><span class='ocrx_word' id='word_1_130' title='bbox 314 1303 404 1368; x_wconf 72' lang='grc' dir='ltr'>ὑφ’</span> <span class='ocrx_word' id='word_1_131' title='bbox 446 1305 504 1355; x_wconf 80' lang='grc' dir='ltr'>ἓν</span> <span class='ocrx_word' id='word_1_132' title='bbox 537 1304 756 1366; x_wconf 86' lang='grc' dir='ltr'>πάντες,</span> <span class='ocrx_word' id='word_1_133' title='bbox 797 1307 941 1355; x_wconf 91' lang='lat' dir='ltr'>Philo</span> <span class='ocrx_word' id='word_1_134' title='bbox 974 1308 1033 1356; x_wconf 87' lang='lat' dir='ltr'>de</span> <span class='ocrx_word' id='word_1_135' title='bbox 1064 1309 1152 1356; x_wconf 87' lang='lat' dir='ltr'>vit.</span> <span class='ocrx_word' id='word_1_136' title='bbox 1184 1308 1336 1356; x_wconf 85' lang='lat' dir='ltr'>Mosis</span> <span class='ocrx_word' id='word_1_137' title='bbox 1368 1324 1406 1356; x_wconf 86' lang='lat' dir='ltr'>c.</span> <span class='ocrx_word' id='word_1_138' title='bbox 1436 1310 1539 1356; x_wconf 84' lang='grc'>178</span> <span class='ocrx_word' id='word_1_139' title='bbox 1583 1305 1874 1373; x_wconf 86' lang='grc' dir='ltr'>ἐκβοησᾴν-</span> 
     </span>
     <span class='ocr_line' id='line_1_17' title="bbox 318 1377 1878 1444; baseline 0.002 -16"><span class='ocrx_word' id='word_1_140' title='bbox 318 1395 426 1428; x_wconf 88' lang='grc' dir='ltr'>των</span> <span class='ocrx_word' id='word_1_141' title='bbox 482 1377 525 1428; x_wconf 74' lang='grc' dir='ltr'>δ’</span> <span class='ocrx_word' id='word_1_142' title='bbox 582 1377 675 1441; x_wconf 73' lang='grc' dir='ltr'>ὑφ’</span> <span class='ocrx_word' id='word_1_143' title='bbox 731 1378 810 1439; x_wconf 81' lang='grc' dir='ltr'>ἕν,</span> <span class='ocrx_word' id='word_1_144' title='bbox 865 1382 1090 1430; x_wconf 75' lang='lat' dir='ltr'><strong>Aristeas</strong></span> <span class='ocrx_word' id='word_1_145' title='bbox 1131 1398 1235 1444; x_wconf 86' lang='lat' dir='ltr'>cap.</span> <span class='ocrx_word' id='word_1_146' title='bbox 1266 1383 1368 1430; x_wconf 82' lang='lat'>178</span> <span class='ocrx_word' id='word_1_147' title='bbox 1419 1379 1763 1442; x_wconf 80' lang='grc' dir='ltr'>ὁμοθυμαδὸν</span> <span class='ocrx_word' id='word_1_148' title='bbox 1818 1382 1878 1431; x_wconf 76' lang='grc' dir='ltr'>δὲ</span> 
     </span>
     <span class='ocr_line' id='line_1_18' title="bbox 312 1451 1392 1517; baseline 0.002 -15"><span class='ocrx_word' id='word_1_149' title='bbox 312 1452 531 1503; x_wconf 87' lang='grc' dir='ltr'>πάντων</span> <span class='ocrx_word' id='word_1_150' title='bbox 573 1451 837 1503; x_wconf 85' lang='grc' dir='ltr'>εἰπόντων</span> <span class='ocrx_word' id='word_1_151' title='bbox 877 1452 983 1504; x_wconf 85' lang='grc' dir='ltr'>ὑπὸ</span> <span class='ocrx_word' id='word_1_152' title='bbox 1024 1452 1145 1515; x_wconf 87' lang='grc' dir='ltr'>μίαν</span> <span class='ocrx_word' id='word_1_153' title='bbox 1187 1453 1392 1517; x_wconf 88' lang='grc' dir='ltr'>φωνήν.</span> 
     </span>
    </p>

    <p class='ocr_par' dir='ltr' id='par_1_10' title="bbox 227 1525 1882 2034">
     <span class='ocr_line' id='line_1_19' title="bbox 227 1525 1880 1590; baseline 0.001 -14"><span class='ocrx_word' id='word_1_154' title='bbox 227 1530 273 1576; x_wconf 90' lang='grc'>3.</span> <span class='ocrx_word' id='word_1_155' title='bbox 315 1525 433 1588; x_wconf 78' lang='grc' dir='ltr'>ἕως</span> <span class='ocrx_word' id='word_1_156' title='bbox 480 1527 655 1588; x_wconf 88' lang='grc' dir='ltr'>τινός</span> <span class='ocrx_word' id='word_1_157' title='bbox 703 1530 762 1577; x_wconf 87' lang='lat' dir='ltr'>fr.</span> <span class='ocrx_word' id='word_1_158' title='bbox 796 1529 921 1576; x_wconf 90' lang='lat' dir='ltr'><strong>VIII</strong></span> <span class='ocrx_word' id='word_1_159' title='bbox 967 1529 1055 1578; x_wconf 91' lang='lat' dir='ltr'>col.</span> <span class='ocrx_word' id='word_1_160' title='bbox 1088 1530 1114 1577; x_wconf 95' lang='lat' dir='ltr'><strong>I</strong></span> <span class='ocrx_word' id='word_1_161' title='bbox 1147 1532 1192 1578; x_wconf 85' lang='lat'>6.</span> <span class='ocrx_word' id='word_1_162' title='bbox 1271 1529 1563 1578; x_wconf 83' lang='lat' dir='ltr'>adverbium</span> <span class='ocrx_word' id='word_1_163' title='bbox 1612 1527 1715 1590; x_wconf 80' lang='grc' dir='ltr'>ἕως</span> <span class='ocrx_word' id='word_1_164' title='bbox 1765 1547 1880 1578; x_wconf 89' lang='lat' dir='ltr'>cum</span> 
     </span>
     <span class='ocr_line' id='line_1_20' title="bbox 313 1604 1882 1666; baseline 0.001 -16"><span class='ocrx_word' id='word_1_165' title='bbox 313 1604 533 1665; x_wconf 85' lang='lat' dir='ltr'>genitivo</span> <span class='ocrx_word' id='word_1_166' title='bbox 566 1604 618 1650; x_wconf 91' lang='lat' dir='ltr'>in</span> <span class='ocrx_word' id='word_1_167' title='bbox 650 1604 848 1666; x_wconf 84' lang='lat' dir='ltr'>vulgari</span> <span class='ocrx_word' id='word_1_168' title='bbox 881 1619 1101 1651; x_wconf 86' lang='lat' dir='ltr'>sermone</span> <span class='ocrx_word' id='word_1_169' title='bbox 1133 1604 1515 1666; x_wconf 71' lang='lat' dir='ltr'>praepositionis</span> <span class='ocrx_word' id='word_1_170' title='bbox 1539 1606 1700 1652; x_wconf 85' lang='lat' dir='ltr'>instar</span> <span class='ocrx_word' id='word_1_171' title='bbox 1737 1621 1882 1652; x_wconf 77' lang='lat' dir='ltr'>usur-</span> 
     </span>
     <span class='ocr_line' id='line_1_21' title="bbox 311 1677 1878 1747; baseline 0.001 -23"><span class='ocrx_word' id='word_1_172' title='bbox 311 1678 485 1737; x_wconf 87' lang='lat' dir='ltr'>patum</span> <span class='ocrx_word' id='word_1_173' title='bbox 508 1693 710 1738; x_wconf 84' lang='lat' dir='ltr'>perraro</span> <span class='ocrx_word' id='word_1_174' title='bbox 727 1677 992 1725; x_wconf 73' lang='lat' dir='ltr'>adhibetur</span> <span class='ocrx_word' id='word_1_175' title='bbox 1016 1678 1150 1739; x_wconf 80' lang='lat' dir='ltr'>apud</span> <span class='ocrx_word' id='word_1_176' title='bbox 1163 1679 1440 1738; x_wconf 86' lang='lat' dir='ltr'>Atticistas,</span> <span class='ocrx_word' id='word_1_177' title='bbox 1466 1680 1550 1747; x_wconf 57' lang='lat' dir='ltr'>ct&#39;r.</span> <span class='ocrx_word' id='word_1_178' title='bbox 1570 1678 1878 1726; x_wconf 84' lang='lat' dir='ltr'>Schmidium</span> 
     </span>
     <span class='ocr_line' id='line_1_22' title="bbox 312 1749 1876 1812; baseline 0.001 -15"><span class='ocrx_word' id='word_1_179' title='bbox 312 1749 410 1797; x_wconf 75' lang='lat' dir='ltr'>Att.</span> <span class='ocrx_word' id='word_1_180' title='bbox 437 1750 507 1797; x_wconf 89' lang='lat' dir='ltr'>IV</span> <span class='ocrx_word' id='word_1_181' title='bbox 535 1752 656 1811; x_wconf 83' lang='lat'>628,</span> <span class='ocrx_word' id='word_1_182' title='bbox 680 1751 838 1800; x_wconf 88' lang='lat' dir='ltr'>Krebs</span> <span class='ocrx_word' id='word_1_183' title='bbox 862 1752 1430 1812; x_wconf 63' lang='lat' dir='ltr'>Prapositionsadverbia</span> <span class='ocrx_word' id='word_1_184' title='bbox 1464 1755 1514 1800; x_wconf 76' lang='lat' dir='ltr'>m</span> <span class='ocrx_word' id='word_1_185' title='bbox 1546 1753 1631 1799; x_wconf 78' lang='lat' dir='ltr'>der</span> <span class='ocrx_word' id='word_1_186' title='bbox 1652 1756 1876 1812; x_wconf 70' lang='lat' dir='ltr'>spc&#39;z&#39;tereoz</span> 
     </span>
     <span class='ocr_line' id='line_1_23' title="bbox 310 1825 1875 1888; baseline 0.002 -18"><span class='ocrx_word' id='word_1_187' title='bbox 310 1825 471 1871; x_wconf 73' lang='lat' dir='ltr'>Izisior.</span> <span class='ocrx_word' id='word_1_188' title='bbox 517 1825 739 1873; x_wconf 66' lang='lat' dir='ltr'>Graio-imit</span> <span class='ocrx_word' id='word_1_189' title='bbox 780 1827 844 1872; x_wconf 87' lang='lat'>13</span> <span class='ocrx_word' id='word_1_190' title='bbox 865 1840 969 1887; x_wconf 88' lang='lat' dir='ltr'><strong>sqq.</strong></span> <span class='ocrx_word' id='word_1_191' title='bbox 1033 1841 1178 1888; x_wconf 87' lang='lat' dir='ltr'>saepe</span> <span class='ocrx_word' id='word_1_192' title='bbox 1215 1826 1266 1873; x_wconf 88' lang='lat' dir='ltr'>in</span> <span class='ocrx_word' id='word_1_193' title='bbox 1306 1827 1438 1873; x_wconf 90' lang='lat' dir='ltr'>LXX</span> <span class='ocrx_word' id='word_1_194' title='bbox 1473 1829 1521 1874; x_wconf 88' lang='lat' dir='ltr'>et</span> <span class='ocrx_word' id='word_1_195' title='bbox 1551 1826 1648 1873; x_wconf 83' lang='lat' dir='ltr'>NT</span> <span class='ocrx_word' id='word_1_196' title='bbox 1686 1826 1875 1874; x_wconf 85' lang='lat' dir='ltr'>inveni-</span> 
     </span>
     <span class='ocr_line' id='line_1_24' title="bbox 311 1898 1876 1961; baseline 0.001 -17"><span class='ocrx_word' id='word_1_197' title='bbox 311 1901 414 1958; x_wconf 90' lang='lat' dir='ltr'>tur,</span> <span class='ocrx_word' id='word_1_198' title='bbox 462 1900 546 1946; x_wconf 88' lang='lat' dir='ltr'>cfr.</span> <span class='ocrx_word' id='word_1_199' title='bbox 595 1898 736 1946; x_wconf 86' lang='lat' dir='ltr'>Blass</span> <span class='ocrx_word' id='word_1_200' title='bbox 788 1899 874 1946; x_wconf 80' lang='lat' dir='ltr'>Gr.</span> <span class='ocrx_word' id='word_1_201' title='bbox 908 1901 950 1947; x_wconf 80' lang='lat' dir='ltr'>d.</span> <span class='ocrx_word' id='word_1_202' title='bbox 992 1900 1051 1947; x_wconf 92' lang='lat' dir='ltr'><em>N</em></span> <span class='ocrx_word' id='word_1_203' title='bbox 1056 1901 1101 1946; x_wconf 82' lang='lat' dir='ltr'><em>T</em></span> <span class='ocrx_word' id='word_1_204' title='bbox 1146 1903 1274 1961; x_wconf 83' lang='grc'>124,</span> <span class='ocrx_word' id='word_1_205' title='bbox 1319 1902 1480 1948; x_wconf 89' lang='lat' dir='ltr'>rarius</span> <span class='ocrx_word' id='word_1_206' title='bbox 1527 1903 1691 1948; x_wconf 89' lang='lat' dir='ltr'>tamen</span> <span class='ocrx_word' id='word_1_207' title='bbox 1743 1900 1876 1961; x_wconf 86' lang='lat' dir='ltr'>apud</span> 
     </span>
     <span class='ocr_line' id='line_1_25' title="bbox 312 1971 1583 2034; baseline 0.003 -16"><span class='ocrx_word' id='word_1_208' title='bbox 312 1971 536 2033; x_wconf 86' lang='lat' dir='ltr'>Paulum,</span> <span class='ocrx_word' id='word_1_209' title='bbox 575 1972 834 2034; x_wconf 87' lang='lat' dir='ltr'>Jacobum,</span> <span class='ocrx_word' id='word_1_210' title='bbox 872 1974 925 2020; x_wconf 89' lang='lat' dir='ltr'>in</span> <span class='ocrx_word' id='word_1_211' title='bbox 965 1974 1179 2034; x_wconf 81' lang='lat' dir='ltr'>epistula</span> <span class='ocrx_word' id='word_1_212' title='bbox 1219 1974 1281 2022; x_wconf 88' lang='lat' dir='ltr'>ad</span> <span class='ocrx_word' id='word_1_213' title='bbox 1319 1974 1583 2023; x_wconf 89' lang='lat' dir='ltr'>Hebraeos.</span> 
     </span>
    </p>

    <p class='ocr_par' dir='ltr' id='par_1_11' title="bbox 226 2042 1878 2330">
     <span class='ocr_line' id='line_1_26' title="bbox 226 2042 1873 2112; baseline 0.001 -20"><span class='ocrx_word' id='word_1_214' title='bbox 226 2049 270 2093; x_wconf 86' lang='grc'>4.</span> <span class='ocrx_word' id='word_1_215' title='bbox 315 2042 630 2106; x_wconf 81' lang='grc' dir='ltr'>ἐγχειρεῖν</span> <span class='ocrx_word' id='word_1_216' title='bbox 669 2061 725 2095; x_wconf 90' lang='grc' dir='ltr'>τι</span> <span class='ocrx_word' id='word_1_217' title='bbox 764 2048 822 2095; x_wconf 85' lang='lat' dir='ltr'>fr.</span> <span class='ocrx_word' id='word_1_218' title='bbox 849 2047 947 2094; x_wconf 89' lang='lat' dir='ltr'>XII</span> <span class='ocrx_word' id='word_1_219' title='bbox 987 2048 1075 2096; x_wconf 88' lang='lat' dir='ltr'>col.</span> <span class='ocrx_word' id='word_1_220' title='bbox 1101 2048 1178 2095; x_wconf 90' lang='lat' dir='ltr'>III</span> <span class='ocrx_word' id='word_1_221' title='bbox 1205 2051 1250 2096; x_wconf 92' lang='grc'><strong>2.</strong></span> <span class='ocrx_word' id='word_1_222' title='bbox 1313 2049 1496 2112; x_wconf 85' lang='lat' dir='ltr'>legitur</span> <span class='ocrx_word' id='word_1_223' title='bbox 1535 2048 1587 2095; x_wconf 90' lang='lat' dir='ltr'>in</span> <span class='ocrx_word' id='word_1_224' title='bbox 1618 2048 1747 2095; x_wconf 89' lang='lat' dir='ltr'>Plut.</span> <span class='ocrx_word' id='word_1_225' title='bbox 1781 2063 1873 2096; x_wconf 84' lang='lat' dir='ltr'>scr.</span> 
     </span>
     <span class='ocr_line' id='line_1_27' title="bbox 315 2116 1878 2187; baseline 0.003 -21"><span class='ocrx_word' id='word_1_226' title='bbox 315 2136 435 2167; x_wconf 90' lang='lat' dir='ltr'>mor.</span> <span class='ocrx_word' id='word_1_227' title='bbox 469 2137 513 2181; x_wconf 91' lang='lat' dir='ltr'>p.</span> <span class='ocrx_word' id='word_1_228' title='bbox 543 2122 689 2168; x_wconf 81' lang='lat' dir='ltr'>239a</span> <span class='ocrx_word' id='word_1_229' title='bbox 721 2123 771 2168; x_wconf 89' lang='lat' dir='ltr'>et</span> <span class='ocrx_word' id='word_1_230' title='bbox 803 2122 889 2168; x_wconf 88' lang='lat' dir='ltr'>vit.</span> <span class='ocrx_word' id='word_1_231' title='bbox 915 2121 1029 2183; x_wconf 86' lang='lat' dir='ltr'>Lys.</span> <span class='ocrx_word' id='word_1_232' title='bbox 1056 2138 1160 2183; x_wconf 87' lang='lat' dir='ltr'>cap.</span> <span class='ocrx_word' id='word_1_233' title='bbox 1181 2124 1266 2183; x_wconf 83' lang='lat'>24,</span> <span class='ocrx_word' id='word_1_234' title='bbox 1289 2140 1336 2185; x_wconf 92' lang='lat' dir='ltr'>p.</span> <span class='ocrx_word' id='word_1_235' title='bbox 1364 2124 1506 2170; x_wconf 78' lang='lat'>4470</span> <span class='ocrx_word' id='word_1_236' title='bbox 1539 2116 1878 2187; x_wconf 86' lang='lat' dir='ltr'>(accusativus</span> 
     </span>
     <span class='ocr_line' id='line_1_28' title="bbox 313 2193 1873 2262; baseline 0.003 -22"><span class='ocrx_word' id='word_1_237' title='bbox 313 2195 618 2254; x_wconf 88' lang='lat' dir='ltr'>pronominis</span> <span class='ocrx_word' id='word_1_238' title='bbox 658 2198 815 2243; x_wconf 89' lang='lat' dir='ltr'>neutr.</span> <span class='ocrx_word' id='word_1_239' title='bbox 856 2195 989 2262; x_wconf 82' lang='lat' dir='ltr'>gen.)</span> <span class='ocrx_word' id='word_1_240' title='bbox 1037 2198 1085 2243; x_wconf 90' lang='lat' dir='ltr'>et</span> <span class='ocrx_word' id='word_1_241' title='bbox 1132 2196 1260 2244; x_wconf 91' lang='lat' dir='ltr'>Plut.</span> <span class='ocrx_word' id='word_1_242' title='bbox 1303 2196 1537 2244; x_wconf 84' lang='lat' dir='ltr'>Stromat.</span> <span class='ocrx_word' id='word_1_243' title='bbox 1578 2211 1615 2243; x_wconf 94' lang='lat' dir='ltr'>c.</span> <span class='ocrx_word' id='word_1_244' title='bbox 1653 2197 1682 2243; x_wconf 88' lang='lat'>5</span> <span class='ocrx_word' id='word_1_245' title='bbox 1724 2193 1873 2255; x_wconf 87' lang='grc' dir='ltr'>Παρ-</span> 
     </span>
     <span class='ocr_line' id='line_1_29' title="bbox 314 2264 1745 2330; baseline 0.001 -15"><span class='ocrx_word' id='word_1_246' title='bbox 314 2264 526 2327; x_wconf 78' lang='grc' dir='ltr'>μενίδης</span> <span class='ocrx_word' id='word_1_247' title='bbox 728 2266 824 2328; x_wconf 88' lang='grc' dir='ltr'>τὴν</span> <span class='ocrx_word' id='word_1_248' title='bbox 865 2266 1113 2318; x_wconf 79' lang='grc' dir='ltr'>ἐναντίαν</span> <span class='ocrx_word' id='word_1_249' title='bbox 1155 2267 1494 2330; x_wconf 83' lang='grc' dir='ltr'>ἐνεχείρησεν</span> <span class='ocrx_word' id='word_1_250' title='bbox 1536 2266 1745 2318; x_wconf 87' lang='grc' dir='ltr'>στάσιν.</span> 
     </span>
    </p>

    <p class='ocr_par' dir='ltr' id='par_1_12' title="bbox 226 2338 1874 2916">
     <span class='ocr_line' id='line_1_30' title="bbox 226 2338 1874 2400; baseline 0.001 -13"><span class='ocrx_word' id='word_1_251' title='bbox 226 2343 272 2387; x_wconf 84' lang='grc'>5.</span> <span class='ocrx_word' id='word_1_252' title='bbox 316 2338 636 2400; x_wconf 86' lang='grc' dir='ltr'>ἐμβαίνειν</span> <span class='ocrx_word' id='word_1_253' title='bbox 669 2357 723 2389; x_wconf 91' lang='grc' dir='ltr'>τι</span> <span class='ocrx_word' id='word_1_254' title='bbox 755 2343 813 2389; x_wconf 89' lang='lat' dir='ltr'>fr.</span> <span class='ocrx_word' id='word_1_255' title='bbox 840 2343 912 2389; x_wconf 92' lang='lat' dir='ltr'>IV</span> <span class='ocrx_word' id='word_1_256' title='bbox 937 2344 1025 2391; x_wconf 91' lang='lat' dir='ltr'>col.</span> <span class='ocrx_word' id='word_1_257' title='bbox 1051 2343 1102 2390; x_wconf 92' lang='grc' dir='ltr'>Π</span> <span class='ocrx_word' id='word_1_258' title='bbox 1130 2347 1173 2391; x_wconf 96' lang='grc'><strong>1.</strong></span> <span class='ocrx_word' id='word_1_259' title='bbox 1230 2345 1315 2392; x_wconf 87' lang='lat' dir='ltr'>cfr.</span> <span class='ocrx_word' id='word_1_260' title='bbox 1350 2343 1655 2391; x_wconf 83' lang='lat' dir='ltr'>Schmidium</span> <span class='ocrx_word' id='word_1_261' title='bbox 1680 2343 1708 2389; x_wconf 94' lang='grc'><strong>1.</strong></span> <span class='ocrx_word' id='word_1_262' title='bbox 1737 2358 1775 2390; x_wconf 91' lang='lat' dir='ltr'>c.</span> <span class='ocrx_word' id='word_1_263' title='bbox 1801 2342 1874 2389; x_wconf 92' lang='lat' dir='ltr'>IV</span> 
     </span>
     <span class='ocr_line' id='line_1_31' title="bbox 315 2415 1871 2477; baseline 0.001 -16"><span class='ocrx_word' id='word_1_264' title='bbox 315 2432 360 2475; x_wconf 91' lang='lat' dir='ltr'>p.</span> <span class='ocrx_word' id='word_1_265' title='bbox 390 2415 479 2462; x_wconf 85' lang='lat'>97:</span> <span class='ocrx_word' id='word_1_266' title='bbox 519 2415 826 2476; x_wconf 88' lang='lat' dir='ltr'>„Poetische,</span> <span class='ocrx_word' id='word_1_267' title='bbox 873 2417 991 2465; x_wconf 87' lang='lat' dir='ltr'>aber</span> <span class='ocrx_word' id='word_1_268' title='bbox 1031 2418 1156 2465; x_wconf 88' lang='lat' dir='ltr'>auch</span> <span class='ocrx_word' id='word_1_269' title='bbox 1194 2418 1281 2466; x_wconf 86' lang='lat' dir='ltr'>der</span> <span class='ocrx_word' id='word_1_270' title='bbox 1319 2415 1466 2477; x_wconf 85' lang='grc' dir='ltr'>κοινή</span> <span class='ocrx_word' id='word_1_271' title='bbox 1508 2417 1646 2464; x_wconf 84' lang='lat' dir='ltr'>nicht</span> <span class='ocrx_word' id='word_1_272' title='bbox 1682 2416 1871 2463; x_wconf 86' lang='lat' dir='ltr'>fremde</span> 
     </span>
     <span class='ocr_line' id='line_1_32' title="bbox 315 2486 1872 2556; baseline 0.001 -22"><span class='ocrx_word' id='word_1_273' title='bbox 315 2486 464 2547; x_wconf 87' lang='lat' dir='ltr'>Sitte,</span> <span class='ocrx_word' id='word_1_274' title='bbox 511 2504 573 2535; x_wconf 84' lang='lat' dir='ltr'>an</span> <span class='ocrx_word' id='word_1_275' title='bbox 613 2489 791 2550; x_wconf 83' lang='lat' dir='ltr'>Verba,</span> <span class='ocrx_word' id='word_1_276' title='bbox 838 2492 985 2538; x_wconf 87' lang='lat' dir='ltr'>meist</span> <span class='ocrx_word' id='word_1_277' title='bbox 1022 2491 1208 2556; x_wconf 86' lang='lat' dir='ltr'>solche,</span> <span class='ocrx_word' id='word_1_278' title='bbox 1246 2492 1428 2539; x_wconf 81' lang='lat' dir='ltr'>welche</span> <span class='ocrx_word' id='word_1_279' title='bbox 1475 2491 1567 2537; x_wconf 88' lang='lat' dir='ltr'>mit</span> <span class='ocrx_word' id='word_1_280' title='bbox 1606 2489 1749 2551; x_wconf 63' lang='lat' dir='ltr'>Prap.</span> <span class='ocrx_word' id='word_1_281' title='bbox 1791 2506 1872 2537; x_wconf 91' lang='lat' dir='ltr'>zu—</span> 
     </span>
     <span class='ocr_line' id='line_1_33' title="bbox 313 2563 1871 2626; baseline 0.001 -18"><span class='ocrx_word' id='word_1_282' title='bbox 313 2565 720 2626; x_wconf 83' lang='lat' dir='ltr'>sammengesetzt</span> <span class='ocrx_word' id='word_1_283' title='bbox 766 2564 896 2625; x_wconf 86' lang='lat' dir='ltr'>sind,</span> <span class='ocrx_word' id='word_1_284' title='bbox 942 2564 1158 2613; x_wconf 85' lang='lat' dir='ltr'>Nomina</span> <span class='ocrx_word' id='word_1_285' title='bbox 1209 2566 1333 2612; x_wconf 91' lang='lat' dir='ltr'>ohne</span> <span class='ocrx_word' id='word_1_286' title='bbox 1379 2564 1526 2626; x_wconf 70' lang='lat' dir='ltr'>Prap.</span> <span class='ocrx_word' id='word_1_287' title='bbox 1580 2566 1649 2610; x_wconf 87' lang='lat' dir='ltr'>im</span> <span class='ocrx_word' id='word_1_288' title='bbox 1702 2563 1871 2610; x_wconf 87' lang='lat' dir='ltr'>reinen</span> 
     </span>
     <span class='ocr_line' id='line_1_34' title="bbox 315 2633 1871 2700; baseline 0.001 -18"><span class='ocrx_word' id='word_1_289' title='bbox 315 2633 469 2683; x_wconf 89' lang='lat' dir='ltr'>Casus</span> <span class='ocrx_word' id='word_1_290' title='bbox 509 2636 927 2685; x_wconf 80' lang='lat' dir='ltr'>an-zuschliessen.“</span> <span class='ocrx_word' id='word_1_291' title='bbox 983 2640 1071 2700; x_wconf 89' lang='lat' dir='ltr'>qui</span> <span class='ocrx_word' id='word_1_292' title='bbox 1109 2655 1214 2686; x_wconf 89' lang='lat' dir='ltr'>mos</span> <span class='ocrx_word' id='word_1_293' title='bbox 1254 2638 1406 2686; x_wconf 89' lang='lat' dir='ltr'>etiam</span> <span class='ocrx_word' id='word_1_294' title='bbox 1447 2638 1579 2700; x_wconf 84' lang='lat' dir='ltr'>apud</span> <span class='ocrx_word' id='word_1_295' title='bbox 1608 2636 1871 2685; x_wconf 86' lang='lat' dir='ltr'>Atticistas</span> 
     </span>
     <span class='ocr_line' id='line_1_35' title="bbox 315 2708 1870 2771; baseline 0.001 -16"><span class='ocrx_word' id='word_1_296' title='bbox 315 2708 578 2757; x_wconf 87' lang='lat' dir='ltr'>invenitur.</span> <span class='ocrx_word' id='word_1_297' title='bbox 654 2710 779 2757; x_wconf 89' lang='lat' dir='ltr'>hanc</span> <span class='ocrx_word' id='word_1_298' title='bbox 819 2727 988 2759; x_wconf 85' lang='lat' dir='ltr'>vocem</span> <span class='ocrx_word' id='word_1_299' title='bbox 1026 2712 1101 2759; x_wconf 84' lang='lat' dir='ltr'>ita</span> <span class='ocrx_word' id='word_1_300' title='bbox 1140 2714 1476 2761; x_wconf 80' lang='lat' dir='ltr'>constructam</span> <span class='ocrx_word' id='word_1_301' title='bbox 1514 2710 1665 2758; x_wconf 89' lang='lat' dir='ltr'>habes</span> <span class='ocrx_word' id='word_1_302' title='bbox 1697 2710 1870 2771; x_wconf 86' lang='lat' dir='ltr'>Polyb.</span> 
     </span>
     <span class='ocr_line' id='line_1_36' title="bbox 315 2779 1867 2847; baseline -0.001 -16"><span class='ocrx_word' id='word_1_303' title='bbox 315 2783 399 2842; x_wconf 91' lang='lat'>30,</span> <span class='ocrx_word' id='word_1_304' title='bbox 426 2784 473 2842; x_wconf 83' lang='lat'>2,</span> <span class='ocrx_word' id='word_1_305' title='bbox 501 2785 562 2830; x_wconf 91' lang='lat'>11</span> <span class='ocrx_word' id='word_1_306' title='bbox 608 2779 760 2843; x_wconf 82' lang='grc' dir='ltr'>ἐνέβη</span> <span class='ocrx_word' id='word_1_307' title='bbox 802 2781 898 2833; x_wconf 89' lang='grc' dir='ltr'>τὸν</span> <span class='ocrx_word' id='word_1_308' title='bbox 938 2783 1134 2845; x_wconf 85' lang='grc' dir='ltr'>λέμβον</span> <span class='ocrx_word' id='word_1_309' title='bbox 1174 2789 1224 2834; x_wconf 87' lang='lat' dir='ltr'>et</span> <span class='ocrx_word' id='word_1_310' title='bbox 1254 2786 1484 2834; x_wconf 83' lang='lat' dir='ltr'>Philostr.</span> <span class='ocrx_word' id='word_1_311' title='bbox 1522 2784 1683 2847; x_wconf 89' lang='lat' dir='ltr'>Apoll.</span> <span class='ocrx_word' id='word_1_312' title='bbox 1714 2785 1867 2845; x_wconf 85' lang='lat' dir='ltr'>Tyan.</span> 
     </span>
     <span class='ocr_line' id='line_1_37' title="bbox 310 2853 860 2916; baseline 0.007 -14"><span class='ocrx_word' id='word_1_313' title='bbox 310 2855 383 2902; x_wconf 95' lang='lat' dir='ltr'>IV</span> <span class='ocrx_word' id='word_1_314' title='bbox 410 2857 476 2903; x_wconf 82' lang='lat'>34</span> <span class='ocrx_word' id='word_1_315' title='bbox 520 2853 672 2916; x_wconf 85' lang='grc' dir='ltr'>ἐνέβη</span> <span class='ocrx_word' id='word_1_316' title='bbox 713 2857 860 2906; x_wconf 83' lang='grc' dir='ltr'>ναῦν.</span> 
     </span>
    </p>

    <p class='ocr_par' dir='ltr' id='par_1_13' title="bbox 228 2926 1794 2994">
     <span class='ocr_line' id='line_1_38' title="bbox 228 2926 1794 2994; baseline 0.001 -17"><span class='ocrx_word' id='word_1_317' title='bbox 228 2932 273 2977; x_wconf 86' lang='grc'>6.</span> <span class='ocrx_word' id='word_1_318' title='bbox 316 2926 517 2978; x_wconf 85' lang='grc' dir='ltr'>λείπει</span> <span class='ocrx_word' id='word_1_319' title='bbox 559 2927 657 2988; x_wconf 87' lang='grc' dir='ltr'>μοί</span> <span class='ocrx_word' id='word_1_320' title='bbox 696 2944 750 2977; x_wconf 85' lang='grc' dir='ltr'>τι</span> <span class='ocrx_word' id='word_1_321' title='bbox 790 2931 848 2978; x_wconf 88' lang='lat' dir='ltr'>fr.</span> <span class='ocrx_word' id='word_1_322' title='bbox 873 2930 1033 2978; x_wconf 86' lang='lat' dir='ltr'>LXIV</span> <span class='ocrx_word' id='word_1_323' title='bbox 1073 2933 1238 2981; x_wconf 88' lang='lat' dir='ltr'>col.H</span> <span class='ocrx_word' id='word_1_324' title='bbox 1270 2935 1314 2981; x_wconf 88' lang='lat'>6.</span> <span class='ocrx_word' id='word_1_325' title='bbox 1394 2933 1478 2982; x_wconf 88' lang='lat' dir='ltr'>cfr.</span> <span class='ocrx_word' id='word_1_326' title='bbox 1519 2950 1565 2994; x_wconf 89' lang='lat' dir='ltr'>p.</span> <span class='ocrx_word' id='word_1_327' title='bbox 1591 2932 1794 2980; x_wconf 91' lang='lat' dir='ltr'>XXVII.</span> 
     </span>
    </p>
   </div>
  </div>
 </body>
</html>
