2066 3146
892 135 944 139 —
1006 107 1155 151 XVIII
1215 134 1273 140 -—

238 252 407 312 priora
463 265 520 296 ea
576 249 866 295 collocarem
923 263 1050 308 quae
1106 247 1164 294 de
1218 248 1458 295 molestiis
1521 250 1787 296 senectutis
1842 243 1927 314 (de

239 339 469 371 sensuum
516 322 829 368 hebetatione
877 322 925 368 et
970 320 1304 368 membrorum
1349 314 1612 388 tarditate)
1653 322 1827 369 deinde
1868 338 1926 369 ea

241 413 367 458 quae
419 396 477 443 de
527 396 750 442 utilitate
798 396 976 457 agunt,
1025 410 1174 455 quam
1220 410 1359 443 senes
1406 410 1599 457 quoque
1645 395 1925 443 hominibus

240 471 411 517 afferre
450 471 652 531 possint.
729 469 849 516 haec
890 470 1163 529 sequuntur
1200 469 1482 531 fragmenta
1512 471 1715 518 incerta.
1793 469 1927 532 frag-

236 546 457 590 mentum
492 545 520 590 9
556 535 815 608 (LXVIII)
864 544 1053 603 autem,
1102 541 1233 602 quod
1286 544 1360 589 ita
1413 544 1610 604 incipit:
1650 539 1923 603 Πολλάκις

239 613 282 665 ab
323 615 434 665 νέοι
492 614 554 675 νὴ
612 613 706 663 τὸν
754 611 1024 675 ςΗρακλέα
1078 612 1161 663 καὶ
1216 612 1561 675 ἠγανάκτησα
1615 616 1721 665 κτλ.
1770 618 1924 665 totius

237 691 407 752 scripti
447 690 645 737 initium
684 691 834 736 fuisse
866 689 1133 738 verisimile
1175 705 1277 736 esse
1317 690 1440 736 mihi
1478 690 1678 751 quidem
1710 691 1925 738 videtur.

349 764 660 827 Singularem
698 764 862 811 locum
901 765 1112 824 occupat
1148 764 1207 811 fr.
1235 765 1265 810 3
1293 756 1492 829 (LXII).
1548 765 1756 827 legimus
1794 767 1919 811 enim

236 857 281 886 v.
318 840 347 885 3
375 854 503 899 sqq.:
553 833 910 897 ἐπιστάμενος
959 835 1017 884 δὲ
1059 833 1317 897 ἀκρειβῶς
1358 833 1438 885 ὅτι
1479 838 1540 897 τῆ
1575 835 1773 895 γνώσει
1814 839 1923 886 τῶν

238 908 566 973 πραγμάτων
609 907 685 958 ὧν
720 908 776 958 ἐν
811 911 926 970 ταῖς
958 907 1211 958 ὑποκάτω
1245 909 1444 971 χώραις
1478 908 1730 971 ἐδήλωσα
1761 922 1922 973 φυσι-

236 986 343 1034 κῶν
384 999 439 1032 τε
482 981 588 1044 ἅμα
627 982 711 1032 καὶ
750 984 1166 1044 παθητικῶν...
1245 985 1308 1032 ad
1360 987 1520 1032 totam
1558 987 1714 1048 igitur
1753 986 1921 1034 inscri-

236 1062 458 1121 ptionem
505 1061 698 1120 spectat
737 1062 787 1106 et
833 1075 980 1120 super
1018 1059 1236 1120 physicis
1277 1061 1326 1106 et
1365 1059 1538 1106 ethicis
1577 1061 1774 1121 scriptis
1816 1064 1925 1107 erat

234 1135 542 1195 inscriptum,
580 1135 785 1194 propter
824 1133 1142 1180 altitudinem
1182 1135 1347 1180 autem
1389 1129 1532 1194 (38,5
1559 1127 1659 1199 cm)
1701 1137 1749 1181 et
1788 1134 1922 1181 litte-

233 1223 400 1256 rarum
447 1207 842 1270 magnitudinem
888 1209 940 1254 in
990 1207 1196 1254 eundem
1243 1207 1468 1269 lapidum
1512 1207 1734 1254 ordinem
1773 1210 1921 1269 atque

231 1283 289 1329 fr.
328 1283 559 1328 21-24
594 1273 1043 1346 (LXIII—LXIV)
1090 1282 1404 1329 referendum
1453 1284 1537 1328 est.
1617 1281 1784 1342 itaque
1830 1283 1921 1330 hoc

232 1356 580 1418 fragmentum,
622 1371 731 1402 cum
772 1355 942 1402 eadem
980 1356 1035 1402 in
1075 1355 1340 1402 altitudine
1375 1355 1669 1416 inscriptum
1709 1371 1810 1403 esse
1850 1357 1924 1403 vi-

233 1429 407 1476 deatur
453 1431 602 1490 atque
651 1430 893 1490 epistulae
942 1433 991 1476 et
1038 1429 1143 1476 sola
1183 1431 1370 1490 scripta
1415 1430 1647 1476 inferiore
1694 1430 1801 1477 loco
1848 1429 1925 1476 in-

234 1504 335 1551 cisa
374 1505 723 1551 commemoret
760 1503 967 1564 physica
999 1505 1049 1550 et
1081 1503 1256 1563 ethica,
1295 1519 1456 1550 nonne
1487 1505 1596 1550 tum
1626 1505 1923 1565 inscriptum

232 1593 336 1625 esse
375 1577 516 1625 nobis
556 1577 851 1625 credendum
891 1580 979 1638 est,
1019 1593 1129 1625 cum
1161 1577 1406 1639 epistulae
1445 1579 1495 1624 et
1534 1578 1696 1625 cetera
1736 1579 1922 1638 scripta

230 1651 448 1699 nondum
493 1651 649 1699 incisa
697 1649 871 1698 erant?
955 1653 1167 1698 maxime
1212 1651 1371 1715 igitur
1416 1650 1592 1712 probo,
1640 1651 1772 1712 quod
1819 1651 1922 1698 edi-

230 1728 362 1774 tores
401 1726 730 1773 recentissimi
767 1743 814 1787 p.
843 1726 949 1773 350
990 1726 1311 1786 arbitrantur,
1352 1726 1751 1773 dissertationem
1791 1741 1920 1786 quae

231 1802 305 1847 est
351 1799 410 1847 de
457 1801 706 1847 senectute
755 1803 804 1845 et
844 1800 1010 1847 omnia
1058 1800 1158 1846 alia
1205 1798 1391 1860 scripta
1429 1799 1698 1846 maioribus
1736 1800 1918 1846 litteris

232 1889 379 1934 quam
419 1875 604 1935 scripta
642 1873 848 1934 physica
889 1875 938 1920 et
977 1873 1139 1921 ethica
1176 1874 1333 1921 incisa
1379 1875 1492 1934 post
1529 1873 1650 1921 haec
1681 1873 1919 1935 inscripta

232 1963 355 2008 esse,
395 1951 443 1995 et
489 1948 577 1994 illa
615 1948 947 2008 praefatione,
995 1949 1132 1995 cuius
1170 1947 1265 1994 hoc
1302 1947 1636 2010 fragmentum
1675 1963 1790 2008 pars
1831 1950 1923 2007 est,

231 2037 430 2069 causam
470 2022 697 2069 attulisse
737 2022 1028 2083 scriptorem
1066 2024 1202 2083 puto,
1244 2037 1330 2068 cur
1362 2021 1425 2068 ad
1455 2021 1545 2068 illa
1577 2022 1763 2082 scripta
1794 2021 1921 2082 phy-

230 2097 331 2143 sica
372 2097 421 2142 et
460 2095 622 2143 ethica
652 2096 775 2144 haec
805 2111 934 2143 nova
967 2089 1230 2161 (epistulas
1264 2098 1314 2142 et
1346 2088 1470 2162 alia)
1504 2095 1717 2143 adderet.
1770 2111 1919 2156 quam

230 2169 290 2216 ob
330 2185 433 2216 rem
474 2169 626 2217 etiam
664 2170 754 2217 illa
791 2171 952 2231 primo
992 2171 1220 2217 tractavi.

340 2243 507 2290 Unum
544 2243 638 2291 hoc
678 2260 871 2304 quoque
903 2244 1049 2291 liceat
1080 2238 1205 2291 mihi
1238 2259 1493 2304 exponere,
1535 2241 1777 2304 quomodo
1810 2244 1917 2288 tota

228 2318 487 2379 inscriptio
513 2317 741 2364 ordinata
765 2319 916 2366 fuisse
933 2318 1057 2364 mihi
1073 2317 1313 2365 videatur.
1348 2317 1406 2364 de
1432 2332 1490 2363 ea
1513 2332 1565 2363 re
1583 2316 1749 2363 confer
1765 2316 1916 2363 etiam

230 2406 356 2451 quae
397 2390 478 2438 Us.
519 2391 549 2436 l.
578 2406 615 2438 c.
657 2408 701 2452 p.
731 2392 835 2438 418
878 2393 927 2438 et
964 2391 1087 2439 Heb.
1122 2394 1170 2438 et
1200 2390 1310 2438 Kal.
1350 2408 1396 2452 p.
1432 2391 1536 2437 348
1579 2389 1804 2436 dixerint.
1861 2406 1917 2436 ex

227 2464 304 2511 his
350 2464 442 2511 hoc
487 2466 699 2512 maxime
745 2465 922 2527 probo,
970 2465 1103 2526 quod
1141 2466 1421 2528 fragment-a
1459 2464 1687 2510 maximis
1734 2463 1916 2510 litteris

229 2539 416 2598 scripta
440 2538 738 2586 altissimum
761 2541 978 2587 tenuisse
1009 2539 1172 2586 locum
1203 2540 1516 2597 censuerunt3
1549 2539 1711 2585 cetera
1736 2539 1918 2595 autem,

229 2613 270 2659 si
310 2614 445 2659 rect-a
477 2614 592 2659 sunt
624 2628 750 2673 quae
786 2613 944 2660 adhuc
976 2613 1242 2674 disputavi,
1273 2612 1481 2674 paulum
1513 2611 1752 2658 mutanda
1784 2613 1913 2658 sunt.

228 2687 399 2746 itaque
431 2686 712 2733 memineris
744 2687 909 2746 velim,
949 2702 1074 2747 quae
1107 2702 1256 2748 supra
1295 2686 1352 2733 de
1390 2685 1615 2747 lapidum
1654 2684 1917 2732 altitudine

229 2758 452 2819 dixerim,
476 2760 528 2806 et
551 2759 773 2807 conferas
798 2760 1022 2821 lapidum
1047 2762 1259 2808 formam
1284 2759 1416 2821 apud
1448 2759 1660 2806 editores
1683 2759 1913 2805 recentis—

229 2834 378 2880 simos
397 2832 655 2893 depictam.
680 2849 757 2881 res
784 2835 914 2880 enim
932 2834 1297 2895 simplicissima
1314 2835 1401 2894 est,
1428 2835 1470 2880 si
1493 2834 1725 2895 putamus
1750 2833 1915 2879 omnia

226 2906 504 2968 fragmenta
532 2907 746 2954 56—-62
774 2923 849 2954 cm
875 2907 994 2967 alta,
1025 2907 1077 2954 id
1102 2910 1176 2955 est
1208 2907 1470 2969 epistulam
1506 2906 1569 2954 ad
1591 2905 1915 2968 Antipatrum
