<?xml version="1.0" encoding="UTF-8"?>
<!DOCTYPE html PUBLIC "-//W3C//DTD XHTML 1.0 Transitional//EN"
    "http://www.w3.org/TR/xhtml1/DTD/xhtml1-transitional.dtd">
<html xmlns="http://www.w3.org/1999/xhtml" xml:lang="en" lang="en">
 <head>
  <title>
</title>
<meta http-equiv="Content-Type" content="text/html;charset=utf-8" />
  <meta name='ocr-system' content='tesseract 3.04.00' />
  <meta name='ocr-capabilities' content='ocr_page ocr_carea ocr_par ocr_line ocrx_word'/>
</head>
<body>
  <div class='ocr_page' id='page_1' title='image "./fragmentaordinav00dioguoft_0040.png"; bbox 0 0 2066 3146; ppageno 0'>
   <div class='ocr_carea' id='block_1_1' title="bbox 907 132 1327 176">
    <p class='ocr_par' dir='ltr' id='par_1_1' title="bbox 907 132 1327 176">
     <span class='ocr_line' id='line_1_1' title="bbox 907 132 1327 176; baseline 0 -1"><span class='ocrx_word' id='word_1_1' title='bbox 907 159 959 165; x_wconf 89' lang='lat'><em>—</em></span> <span class='ocrx_word' id='word_1_2' title='bbox 1023 132 1214 176; x_wconf 84' lang='lat' dir='ltr'>XXXVI</span> <span class='ocrx_word' id='word_1_3' title='bbox 1276 160 1327 165; x_wconf 97' lang='lat'><strong>—</strong></span> 
     </span>
    </p>
   </div>
   <div class='ocr_carea' id='block_1_2' title="bbox 275 269 1960 777">
    <p class='ocr_par' dir='ltr' id='par_1_2' title="bbox 275 269 1960 481">
     <span class='ocr_line' id='line_1_2' title="bbox 275 269 1960 336; baseline -0.002 -12"><span class='ocrx_word' id='word_1_4' title='bbox 275 272 605 336; x_wconf 78' lang='grc' dir='ltr'>προσταγή</span> <span class='ocrx_word' id='word_1_5' title='bbox 650 275 706 321; x_wconf 88' lang='lat' dir='ltr'>fr.</span> <span class='ocrx_word' id='word_1_6' title='bbox 732 273 813 333; x_wconf 83' lang='lat' dir='ltr'>XI,</span> <span class='ocrx_word' id='word_1_7' title='bbox 843 275 887 319; x_wconf 88' lang='lat'>2.</span> <span class='ocrx_word' id='word_1_8' title='bbox 943 274 1197 320; x_wconf 87' lang='lat' dir='ltr'>invenitur</span> <span class='ocrx_word' id='word_1_9' title='bbox 1235 273 1369 334; x_wconf 89' lang='lat' dir='ltr'>apud</span> <span class='ocrx_word' id='word_1_10' title='bbox 1400 275 1662 334; x_wconf 81' lang='lat' dir='ltr'>scriptores</span> <span class='ocrx_word' id='word_1_11' title='bbox 1703 269 1847 320; x_wconf 83' lang='lat' dir='ltr'>valde</span> <span class='ocrx_word' id='word_1_12' title='bbox 1885 290 1960 320; x_wconf 88' lang='lat' dir='ltr'>re·</span> 
     </span>
     <span class='ocr_line' id='line_1_3' title="bbox 385 342 1958 408; baseline -0.001 -12"><span class='ocrx_word' id='word_1_13' title='bbox 385 351 560 396; x_wconf 78' lang='lat' dir='ltr'>centes.</span> <span class='ocrx_word' id='word_1_14' title='bbox 646 348 832 394; x_wconf 90' lang='lat' dir='ltr'>Moeris·</span> <span class='ocrx_word' id='word_1_15' title='bbox 874 363 919 408; x_wconf 91' lang='lat' dir='ltr'>p.</span> <span class='ocrx_word' id='word_1_16' title='bbox 955 347 1058 393; x_wconf 88' lang='lat'>207</span> <span class='ocrx_word' id='word_1_17' title='bbox 1108 346 1324 392; x_wconf 87' lang='lat' dir='ltr'>Bekker:</span> <span class='ocrx_word' id='word_1_18' title='bbox 1380 345 1672 406; x_wconf 82' lang='grc' dir='ltr'>πρόσταξις</span> <span class='ocrx_word' id='word_1_19' title='bbox 1722 342 1958 405; x_wconf 82' lang='grc' dir='ltr'>Ἀττικοί,</span> 
     </span>
     <span class='ocr_line' id='line_1_4' title="bbox 386 417 972 481; baseline -0.003 -12"><span class='ocrx_word' id='word_1_20' title='bbox 386 419 663 481; x_wconf 84' lang='grc' dir='ltr'>προσταγὴ</span> <span class='ocrx_word' id='word_1_21' title='bbox 706 417 972 480; x_wconf 85' lang='grc' dir='ltr'>Ἕλληνες.</span> 
     </span>
    </p>

    <p class='ocr_par' dir='ltr' id='par_1_3' title="bbox 275 492 1957 556">
     <span class='ocr_line' id='line_1_5' title="bbox 275 492 1957 556; baseline -0.002 -12"><span class='ocrx_word' id='word_1_22' title='bbox 275 492 670 556; x_wconf 85' lang='grc' dir='ltr'>προσφάτως</span> <span class='ocrx_word' id='word_1_23' title='bbox 710 509 865 553; x_wconf 73' lang='lat' dir='ltr'>nuper</span> <span class='ocrx_word' id='word_1_24' title='bbox 903 494 961 540; x_wconf 78' lang='lat' dir='ltr'>fr.</span> <span class='ocrx_word' id='word_1_25' title='bbox 987 492 1143 539; x_wconf 91' lang='lat' dir='ltr'>LXIV</span> <span class='ocrx_word' id='word_1_26' title='bbox 1186 494 1273 541; x_wconf 91' lang='lat' dir='ltr'>col.</span> <span class='ocrx_word' id='word_1_27' title='bbox 1308 493 1384 540; x_wconf 94' lang='lat' dir='ltr'>III</span> <span class='ocrx_word' id='word_1_28' title='bbox 1417 497 1463 540; x_wconf 87' lang='lat'>4.</span> <span class='ocrx_word' id='word_1_29' title='bbox 1541 495 1625 542; x_wconf 87' lang='lat' dir='ltr'>cfr.</span> <span class='ocrx_word' id='word_1_30' title='bbox 1674 511 1720 555; x_wconf 90' lang='lat' dir='ltr'>p.</span> <span class='ocrx_word' id='word_1_31' title='bbox 1753 493 1957 541; x_wconf 89' lang='lat' dir='ltr'><strong>XXVII.</strong></span> 
     </span>
    </p>

    <p class='ocr_par' dir='ltr' id='par_1_4' title="bbox 275 567 1959 777">
     <span class='ocr_line' id='line_1_6' title="bbox 275 567 1956 628; baseline -0.002 -10"><span class='ocrx_word' id='word_1_32' title='bbox 275 567 391 618; x_wconf 87' lang='grc' dir='ltr'>σύν</span> <span class='ocrx_word' id='word_1_33' title='bbox 440 584 550 616; x_wconf 91' lang='lat' dir='ltr'>cum</span> <span class='ocrx_word' id='word_1_34' title='bbox 598 568 767 615; x_wconf 88' lang='lat' dir='ltr'>dativo</span> <span class='ocrx_word' id='word_1_35' title='bbox 816 582 1085 628; x_wconf 88' lang='lat' dir='ltr'>numquam</span> <span class='ocrx_word' id='word_1_36' title='bbox 1133 567 1407 614; x_wconf 73' lang='lat' dir='ltr'><strong>adhibetur.</strong></span> <span class='ocrx_word' id='word_1_37' title='bbox 1484 567 1543 615; x_wconf 90' lang='lat' dir='ltr'>de</span> <span class='ocrx_word' id='word_1_38' title='bbox 1582 569 1675 616; x_wconf 87' lang='lat' dir='ltr'>hac</span> <span class='ocrx_word' id='word_1_39' title='bbox 1713 583 1831 615; x_wconf 80' lang='lat' dir='ltr'>voce</span> <span class='ocrx_word' id='word_1_40' title='bbox 1871 569 1956 616; x_wconf 90' lang='lat' dir='ltr'>cfr.</span> 
     </span>
     <span class='ocr_line' id='line_1_7' title="bbox 383 641 1959 704; baseline 0 -15"><span class='ocrx_word' id='word_1_41' title='bbox 383 642 549 704; x_wconf 86' lang='lat' dir='ltr'>Tycho</span> <span class='ocrx_word' id='word_1_42' title='bbox 589 642 859 688; x_wconf 83' lang='lat' dir='ltr'>Mommsen</span> <span class='ocrx_word' id='word_1_43' title='bbox 899 641 1050 688; x_wconf 70' lang='lat' dir='ltr'>Beitr.</span> <span class='ocrx_word' id='word_1_44' title='bbox 1091 654 1129 687; x_wconf 72' lang='grc' dir='ltr'>ε.</span> <span class='ocrx_word' id='word_1_45' title='bbox 1162 641 1322 688; x_wconf 77' lang='lat' dir='ltr'>LeIzrc</span> <span class='ocrx_word' id='word_1_46' title='bbox 1359 656 1401 687; x_wconf 77' lang='lat' dir='ltr'>v.</span> <span class='ocrx_word' id='word_1_47' title='bbox 1442 643 1488 688; x_wconf 78' lang='lat' dir='ltr'>d.</span> <span class='ocrx_word' id='word_1_48' title='bbox 1524 643 1696 701; x_wconf 72' lang='lat' dir='ltr'>yriech.</span> <span class='ocrx_word' id='word_1_49' title='bbox 1738 642 1959 702; x_wconf 54' lang='lat' dir='ltr'>Pra&#39;poa,</span> 
     </span>
     <span class='ocr_line' id='line_1_8' title="bbox 385 712 1958 777; baseline 0 -14"><span class='ocrx_word' id='word_1_50' title='bbox 385 718 470 777; x_wconf 91' lang='lat' dir='ltr'>qui</span> <span class='ocrx_word' id='word_1_51' title='bbox 501 731 690 763; x_wconf 85' lang='lat' dir='ltr'>summa</span> <span class='ocrx_word' id='word_1_52' title='bbox 717 715 978 777; x_wconf 74' lang='lat' dir='ltr'>diligentia</span> <span class='ocrx_word' id='word_1_53' title='bbox 1004 729 1149 761; x_wconf 90' lang='lat' dir='ltr'>usum</span> <span class='ocrx_word' id='word_1_54' title='bbox 1173 714 1601 776; x_wconf 75' lang='lat' dir='ltr'>praepositionum</span> <span class='ocrx_word' id='word_1_55' title='bbox 1627 713 1730 764; x_wconf 89' lang='grc' dir='ltr'>σύν</span> <span class='ocrx_word' id='word_1_56' title='bbox 1755 717 1804 762; x_wconf 88' lang='lat' dir='ltr'>et</span> <span class='ocrx_word' id='word_1_57' title='bbox 1829 712 1958 775; x_wconf 84' lang='grc' dir='ltr'>μετά</span> 
     </span>
    </p>
   </div>
   <div class='ocr_carea' id='block_1_3' title="bbox 382 785 2034 851">
    <p class='ocr_par' dir='ltr' id='par_1_5' title="bbox 382 785 2034 851">
     <span class='ocr_line' id='line_1_9' title="bbox 382 785 2034 851; baseline -0.001 -14"><span class='ocrx_word' id='word_1_58' title='bbox 382 791 718 851; x_wconf 86' lang='lat' dir='ltr'>perscrutatus</span> <span class='ocrx_word' id='word_1_59' title='bbox 767 794 852 836; x_wconf 82' lang='lat' dir='ltr'>est.</span> <span class='ocrx_word' id='word_1_60' title='bbox 946 785 1049 836; x_wconf 87' lang='grc' dir='ltr'>σύν</span> <span class='ocrx_word' id='word_1_61' title='bbox 1098 803 1266 836; x_wconf 89' lang='lat' dir='ltr'>vocem</span> <span class='ocrx_word' id='word_1_62' title='bbox 1313 791 1580 850; x_wconf 87' lang='lat' dir='ltr'>poeticam,</span> <span class='ocrx_word' id='word_1_63' title='bbox 1633 805 1758 851; x_wconf 86' lang='lat' dir='ltr'>quae</span> <span class='ocrx_word' id='word_1_64' title='bbox 1806 789 1959 836; x_wconf 89' lang='lat' dir='ltr'>etiam</span> <span class='ocrx_word' id='word_1_65' title='bbox 2028 799 2034 812; x_wconf 93' lang='lat'><em>&#39;</em></span> 
     </span>
    </p>
   </div>
   <div class='ocr_carea' id='block_1_4' title="bbox 270 861 1959 2776">
    <p class='ocr_par' dir='ltr' id='par_1_6' title="bbox 379 861 1958 1884">
     <span class='ocr_line' id='line_1_10' title="bbox 384 861 1957 925; baseline -0.001 -15"><span class='ocrx_word' id='word_1_66' title='bbox 384 863 516 924; x_wconf 88' lang='lat' dir='ltr'>apud</span> <span class='ocrx_word' id='word_1_67' title='bbox 549 864 811 924; x_wconf 82' lang='lat' dir='ltr'>scriptores</span> <span class='ocrx_word' id='word_1_68' title='bbox 851 862 1045 910; x_wconf 81' lang='lat' dir='ltr'>Ionicos</span> <span class='ocrx_word' id='word_1_69' title='bbox 1070 861 1392 923; x_wconf 87' lang='lat' dir='ltr'>Herodotum,</span> <span class='ocrx_word' id='word_1_70' title='bbox 1417 863 1788 925; x_wconf 74' lang='lat' dir='ltr'>Hippocratem,</span> <span class='ocrx_word' id='word_1_71' title='bbox 1819 863 1957 910; x_wconf 88' lang='lat' dir='ltr'>Arri-</span> 
     </span>
     <span class='ocr_line' id='line_1_11' title="bbox 385 930 1957 1002; baseline 0 -19"><span class='ocrx_word' id='word_1_72' title='bbox 385 953 533 984; x_wconf 88' lang='lat' dir='ltr'>anum</span> <span class='ocrx_word' id='word_1_73' title='bbox 573 930 821 1002; x_wconf 81' lang='grc' dir='ltr'>(Ἰνδική),</span> <span class='ocrx_word' id='word_1_74' title='bbox 861 935 1130 983; x_wconf 80' lang='lat' dir='ltr'>Aretaeum</span> <span class='ocrx_word' id='word_1_75' title='bbox 1159 937 1534 998; x_wconf 80' lang='lat' dir='ltr'>praeponderat,</span> <span class='ocrx_word' id='word_1_76' title='bbox 1573 937 1764 998; x_wconf 89' lang='lat' dir='ltr'>primus</span> <span class='ocrx_word' id='word_1_77' title='bbox 1803 938 1957 998; x_wconf 87' lang='lat' dir='ltr'>repri-</span> 
     </span>
     <span class='ocr_line' id='line_1_12' title="bbox 381 1010 1957 1073; baseline 0.001 -16"><span class='ocrx_word' id='word_1_78' title='bbox 381 1012 472 1057; x_wconf 89' lang='lat' dir='ltr'>mit</span> <span class='ocrx_word' id='word_1_79' title='bbox 502 1010 780 1073; x_wconf 83' lang='lat' dir='ltr'>Euripides,</span> <span class='ocrx_word' id='word_1_80' title='bbox 820 1026 1020 1072; x_wconf 88' lang='lat' dir='ltr'>perraro</span> <span class='ocrx_word' id='word_1_81' title='bbox 1058 1010 1293 1057; x_wconf 86' lang='lat' dir='ltr'>adhibent</span> <span class='ocrx_word' id='word_1_82' title='bbox 1325 1012 1586 1072; x_wconf 86' lang='lat' dir='ltr'>scriptores</span> <span class='ocrx_word' id='word_1_83' title='bbox 1619 1011 1775 1058; x_wconf 85' lang='lat' dir='ltr'>Attici</span> <span class='ocrx_word' id='word_1_84' title='bbox 1808 1012 1957 1072; x_wconf 86' lang='lat' dir='ltr'>atque</span> 
     </span>
     <span class='ocr_line' id='line_1_13' title="bbox 382 1084 1958 1147; baseline 0.001 -17"><span class='ocrx_word' id='word_1_85' title='bbox 382 1084 610 1144; x_wconf 71' lang='lat' dir='ltr'>Aristot,</span> <span class='ocrx_word' id='word_1_86' title='bbox 661 1084 927 1145; x_wconf 91' lang='lat' dir='ltr'>Theophr.,</span> <span class='ocrx_word' id='word_1_87' title='bbox 978 1084 1173 1146; x_wconf 88' lang='lat' dir='ltr'>Polyb.,</span> <span class='ocrx_word' id='word_1_88' title='bbox 1225 1084 1392 1144; x_wconf 89' lang='lat' dir='ltr'>Diod.‚</span> <span class='ocrx_word' id='word_1_89' title='bbox 1441 1084 1641 1145; x_wconf 82' lang='lat' dir='ltr'>Strabo,</span> <span class='ocrx_word' id='word_1_90' title='bbox 1687 1084 1958 1147; x_wconf 73' lang='lat' dir='ltr'>Longinus,</span> 
     </span>
     <span class='ocr_line' id='line_1_14' title="bbox 382 1157 1958 1220; baseline 0 -16"><span class='ocrx_word' id='word_1_91' title='bbox 382 1157 523 1205; x_wconf 91' lang='lat' dir='ltr'>Philo</span> <span class='ocrx_word' id='word_1_92' title='bbox 563 1158 699 1218; x_wconf 83' lang='lat' dir='ltr'>Jud.,</span> <span class='ocrx_word' id='word_1_93' title='bbox 738 1159 903 1219; x_wconf 90' lang='lat' dir='ltr'>Apoll.</span> <span class='ocrx_word' id='word_1_94' title='bbox 944 1158 1115 1220; x_wconf 83' lang='lat' dir='ltr'>Dysc.,</span> <span class='ocrx_word' id='word_1_95' title='bbox 1155 1158 1423 1220; x_wconf 87' lang='lat' dir='ltr'>Josephus,</span> <span class='ocrx_word' id='word_1_96' title='bbox 1470 1157 1615 1218; x_wconf 89' lang='lat' dir='ltr'>Plut.,</span> <span class='ocrx_word' id='word_1_97' title='bbox 1664 1158 1758 1206; x_wconf 93' lang='lat' dir='ltr'>Dio</span> <span class='ocrx_word' id='word_1_98' title='bbox 1802 1157 1958 1218; x_wconf 84' lang='lat' dir='ltr'>Cass.3</span> 
     </span>
     <span class='ocr_line' id='line_1_15' title="bbox 382 1228 1956 1295; baseline 0 -17"><span class='ocrx_word' id='word_1_99' title='bbox 382 1234 576 1293; x_wconf 87' lang='lat' dir='ltr'>saepius</span> <span class='ocrx_word' id='word_1_100' title='bbox 628 1231 887 1292; x_wconf 86' lang='lat' dir='ltr'>adhibent,</span> <span class='ocrx_word' id='word_1_101' title='bbox 938 1234 1100 1280; x_wconf 89' lang='lat' dir='ltr'>rarius</span> <span class='ocrx_word' id='word_1_102' title='bbox 1150 1235 1318 1280; x_wconf 87' lang='lat' dir='ltr'>tamen</span> <span class='ocrx_word' id='word_1_103' title='bbox 1370 1247 1522 1294; x_wconf 90' lang='lat' dir='ltr'>quam</span> <span class='ocrx_word' id='word_1_104' title='bbox 1573 1228 1704 1291; x_wconf 89' lang='grc' dir='ltr'>μετά</span> <span class='ocrx_word' id='word_1_105' title='bbox 1754 1248 1792 1281; x_wconf 90' lang='lat' dir='ltr'>c.</span> <span class='ocrx_word' id='word_1_106' title='bbox 1849 1248 1956 1295; x_wconf 88' lang='lat' dir='ltr'>gen.</span> 
     </span>
     <span class='ocr_line' id='line_1_16' title="bbox 380 1305 1957 1369; baseline 0 -17"><span class='ocrx_word' id='word_1_107' title='bbox 380 1305 635 1366; x_wconf 88' lang='lat' dir='ltr'>Artemid.,</span> <span class='ocrx_word' id='word_1_108' title='bbox 675 1305 823 1354; x_wconf 92' lang='lat' dir='ltr'>Marc.</span> <span class='ocrx_word' id='word_1_109' title='bbox 856 1307 991 1369; x_wconf 86' lang='lat' dir='ltr'>Aur.,</span> <span class='ocrx_word' id='word_1_110' title='bbox 1024 1307 1222 1367; x_wconf 76' lang='lat' dir='ltr'>Athen,</span> <span class='ocrx_word' id='word_1_111' title='bbox 1256 1305 1486 1366; x_wconf 84' lang='lat' dir='ltr'>Galenus,</span> <span class='ocrx_word' id='word_1_112' title='bbox 1518 1306 1780 1353; x_wconf 83' lang='lat' dir='ltr'>Lucianus,</span> <span class='ocrx_word' id='word_1_113' title='bbox 1842 1308 1957 1353; x_wconf 90' lang='lat' dir='ltr'>sunt</span> 
     </span>
     <span class='ocr_line' id='line_1_17' title="bbox 379 1380 1954 1442; baseline 0 -16"><span class='ocrx_word' id='word_1_114' title='bbox 379 1381 467 1441; x_wconf 87' lang='lat' dir='ltr'>qui</span> <span class='ocrx_word' id='word_1_115' title='bbox 515 1381 776 1440; x_wconf 86' lang='lat' dir='ltr'>utriusque</span> <span class='ocrx_word' id='word_1_116' title='bbox 826 1380 1209 1442; x_wconf 85' lang='lat' dir='ltr'>praepositionis</span> <span class='ocrx_word' id='word_1_117' title='bbox 1268 1396 1480 1442; x_wconf 88' lang='lat' dir='ltr'>aequum</span> <span class='ocrx_word' id='word_1_118' title='bbox 1538 1381 1639 1427; x_wconf 88' lang='lat' dir='ltr'>fere</span> <span class='ocrx_word' id='word_1_119' title='bbox 1696 1395 1954 1427; x_wconf 89' lang='lat' dir='ltr'>numerum</span> 
     </span>
     <span class='ocr_line' id='line_1_18' title="bbox 379 1451 1957 1513; baseline 0 -13"><span class='ocrx_word' id='word_1_120' title='bbox 379 1453 661 1513; x_wconf 84' lang='lat' dir='ltr'>praebeant.</span> <span class='ocrx_word' id='word_1_121' title='bbox 740 1454 1005 1503; x_wconf 86' lang='lat' dir='ltr'>Atticistae</span> <span class='ocrx_word' id='word_1_122' title='bbox 1046 1456 1211 1503; x_wconf 84' lang='lat' dir='ltr'>autem</span> <span class='ocrx_word' id='word_1_123' title='bbox 1258 1457 1311 1501; x_wconf 89' lang='lat' dir='ltr'>in</span> <span class='ocrx_word' id='word_1_124' title='bbox 1350 1455 1638 1502; x_wconf 84' lang='lat' dir='ltr'>universum</span> <span class='ocrx_word' id='word_1_125' title='bbox 1679 1451 1782 1502; x_wconf 86' lang='grc' dir='ltr'>σύν</span> <span class='ocrx_word' id='word_1_126' title='bbox 1823 1455 1957 1501; x_wconf 88' lang='lat' dir='ltr'>ante-</span> 
     </span>
     <span class='ocr_line' id='line_1_19' title="bbox 379 1525 1958 1591; baseline 0.001 -18"><span class='ocrx_word' id='word_1_127' title='bbox 379 1530 571 1587; x_wconf 89' lang='lat' dir='ltr'>ponunt</span> <span class='ocrx_word' id='word_1_128' title='bbox 616 1530 976 1590; x_wconf 85' lang='lat' dir='ltr'>praepositioni</span> <span class='ocrx_word' id='word_1_129' title='bbox 1023 1525 1153 1588; x_wconf 87' lang='grc' dir='ltr'>μετά</span> <span class='ocrx_word' id='word_1_130' title='bbox 1194 1545 1230 1576; x_wconf 89' lang='lat' dir='ltr'>c.</span> <span class='ocrx_word' id='word_1_131' title='bbox 1265 1545 1397 1591; x_wconf 67' lang='lat' dir='ltr'>gen,</span> <span class='ocrx_word' id='word_1_132' title='bbox 1437 1529 1522 1575; x_wconf 90' lang='lat' dir='ltr'>cfr.</span> <span class='ocrx_word' id='word_1_133' title='bbox 1564 1530 1717 1576; x_wconf 87' lang='lat' dir='ltr'>etiam</span> <span class='ocrx_word' id='word_1_134' title='bbox 1758 1527 1958 1575; x_wconf 88' lang='lat' dir='ltr'>Schmid</span> 
     </span>
     <span class='ocr_line' id='line_1_20' title="bbox 380 1601 1955 1665; baseline 0.001 -19"><span class='ocrx_word' id='word_1_135' title='bbox 380 1601 411 1647; x_wconf 95' lang='lat' dir='ltr'>l.</span> <span class='ocrx_word' id='word_1_136' title='bbox 439 1615 475 1647; x_wconf 93' lang='lat' dir='ltr'>c.</span> <span class='ocrx_word' id='word_1_137' title='bbox 516 1601 586 1648; x_wconf 89' lang='lat' dir='ltr'>IV</span> <span class='ocrx_word' id='word_1_138' title='bbox 626 1618 672 1662; x_wconf 92' lang='lat' dir='ltr'>p.</span> <span class='ocrx_word' id='word_1_139' title='bbox 702 1603 820 1650; x_wconf 83' lang='lat'>625.</span> <span class='ocrx_word' id='word_1_140' title='bbox 876 1604 925 1649; x_wconf 88' lang='lat' dir='ltr'>in</span> <span class='ocrx_word' id='word_1_141' title='bbox 959 1603 1057 1650; x_wconf 99' lang='lat' dir='ltr'>NT</span> <span class='ocrx_word' id='word_1_142' title='bbox 1100 1618 1294 1665; x_wconf 88' lang='lat' dir='ltr'>quoque</span> <span class='ocrx_word' id='word_1_143' title='bbox 1333 1602 1466 1664; x_wconf 83' lang='lat' dir='ltr'>apud</span> <span class='ocrx_word' id='word_1_144' title='bbox 1505 1602 1705 1662; x_wconf 86' lang='lat' dir='ltr'>Lucam,</span> <span class='ocrx_word' id='word_1_145' title='bbox 1743 1601 1955 1648; x_wconf 86' lang='lat' dir='ltr'>Paulum</span> 
     </span>
     <span class='ocr_line' id='line_1_21' title="bbox 380 1675 1958 1738; baseline 0 -16"><span class='ocrx_word' id='word_1_146' title='bbox 380 1675 509 1722; x_wconf 87' lang='lat' dir='ltr'>solos</span> <span class='ocrx_word' id='word_1_147' title='bbox 556 1677 750 1738; x_wconf 86' lang='lat' dir='ltr'>saepius</span> <span class='ocrx_word' id='word_1_148' title='bbox 798 1676 1071 1736; x_wconf 82' lang='lat' dir='ltr'>invenitur,</span> <span class='ocrx_word' id='word_1_149' title='bbox 1119 1679 1213 1724; x_wconf 91' lang='lat' dir='ltr'>etsi</span> <span class='ocrx_word' id='word_1_150' title='bbox 1260 1678 1371 1724; x_wconf 90' lang='lat' dir='ltr'>aliis</span> <span class='ocrx_word' id='word_1_151' title='bbox 1413 1692 1608 1738; x_wconf 92' lang='lat' dir='ltr'>quoque</span> <span class='ocrx_word' id='word_1_152' title='bbox 1653 1692 1750 1723; x_wconf 90' lang='lat' dir='ltr'>non</span> <span class='ocrx_word' id='word_1_153' title='bbox 1807 1676 1958 1735; x_wconf 84' lang='lat' dir='ltr'>deest,</span> 
     </span>
     <span class='ocr_line' id='line_1_22' title="bbox 381 1748 1957 1812; baseline 0.001 -18"><span class='ocrx_word' id='word_1_154' title='bbox 381 1749 463 1795; x_wconf 87' lang='lat' dir='ltr'>cfr.</span> <span class='ocrx_word' id='word_1_155' title='bbox 512 1749 656 1798; x_wconf 85' lang='lat' dir='ltr'>Blass</span> <span class='ocrx_word' id='word_1_156' title='bbox 706 1748 785 1796; x_wconf 88' lang='lat' dir='ltr'>Gr.</span> <span class='ocrx_word' id='word_1_157' title='bbox 835 1751 879 1797; x_wconf 90' lang='lat' dir='ltr'>d.</span> <span class='ocrx_word' id='word_1_158' title='bbox 926 1751 1023 1797; x_wconf 91' lang='lat' dir='ltr'>NT</span> <span class='ocrx_word' id='word_1_159' title='bbox 1071 1769 1116 1812; x_wconf 92' lang='lat' dir='ltr'>p.</span> <span class='ocrx_word' id='word_1_160' title='bbox 1154 1752 1295 1798; x_wconf 83' lang='lat'>128..</span> <span class='ocrx_word' id='word_1_161' title='bbox 1350 1751 1569 1812; x_wconf 81' lang='lat' dir='ltr'>Epicteti</span> <span class='ocrx_word' id='word_1_162' title='bbox 1614 1751 1713 1797; x_wconf 86' lang='lat' dir='ltr'>tria</span> <span class='ocrx_word' id='word_1_163' title='bbox 1758 1752 1957 1796; x_wconf 85' lang='lat' dir='ltr'>tantum</span> 
     </span>
     <span class='ocr_line' id='line_1_23' title="bbox 381 1823 1342 1884; baseline 0.004 -16"><span class='ocrx_word' id='word_1_164' title='bbox 381 1823 604 1884; x_wconf 84' lang='lat' dir='ltr'>exempla</span> <span class='ocrx_word' id='word_1_165' title='bbox 642 1826 785 1871; x_wconf 85' lang='lat' dir='ltr'>notat</span> <span class='ocrx_word' id='word_1_166' title='bbox 823 1826 876 1871; x_wconf 89' lang='lat' dir='ltr'>in</span> <span class='ocrx_word' id='word_1_167' title='bbox 913 1825 1074 1872; x_wconf 88' lang='lat' dir='ltr'>indice</span> <span class='ocrx_word' id='word_1_168' title='bbox 1115 1825 1342 1872; x_wconf 85' lang='lat' dir='ltr'>Schenkl.</span> 
     </span>
    </p>

    <p class='ocr_par' dir='ltr' id='par_1_7' title="bbox 271 1894 1959 2034">
     <span class='ocr_line' id='line_1_24' title="bbox 271 1894 1959 1958; baseline -0.001 -14"><span class='ocrx_word' id='word_1_169' title='bbox 271 1894 672 1956; x_wconf 84' lang='grc' dir='ltr'>συνχρῆσθαί</span> <span class='ocrx_word' id='word_1_170' title='bbox 751 1912 850 1947; x_wconf 87' lang='grc' dir='ltr'>τινι</span> <span class='ocrx_word' id='word_1_171' title='bbox 919 1901 1235 1958; x_wconf 75' lang='lat' dir='ltr'>familiariter</span> <span class='ocrx_word' id='word_1_172' title='bbox 1311 1901 1407 1946; x_wconf 74' lang='lat' dir='ltr'>uti&#39;</span> <span class='ocrx_word' id='word_1_173' title='bbox 1457 1898 1618 1958; x_wconf 70' lang='lat' dir='ltr'>aliquo</span> <span class='ocrx_word' id='word_1_174' title='bbox 1684 1899 1742 1944; x_wconf 86' lang='lat' dir='ltr'>fr.</span> <span class='ocrx_word' id='word_1_175' title='bbox 1798 1896 1959 1944; x_wconf 89' lang='lat' dir='ltr'>LXIV</span> 
     </span>
     <span class='ocr_line' id='line_1_25' title="bbox 380 1970 1184 2034; baseline 0.001 -16"><span class='ocrx_word' id='word_1_176' title='bbox 380 1970 468 2018; x_wconf 84' lang='lat' dir='ltr'>col.</span> <span class='ocrx_word' id='word_1_177' title='bbox 493 1970 571 2017; x_wconf 92' lang='grc' dir='ltr'>ΠΙ</span> <span class='ocrx_word' id='word_1_178' title='bbox 599 1973 679 2019; x_wconf 92' lang='grc'>10.</span> <span class='ocrx_word' id='word_1_179' title='bbox 757 1972 843 2019; x_wconf 82' lang='lat' dir='ltr'>cfr.</span> <span class='ocrx_word' id='word_1_180' title='bbox 883 1989 930 2034; x_wconf 91' lang='lat' dir='ltr'>p.</span> <span class='ocrx_word' id='word_1_181' title='bbox 955 1972 1184 2019; x_wconf 86' lang='lat' dir='ltr'>XXVIII.</span> 
     </span>
    </p>

    <p class='ocr_par' dir='ltr' id='par_1_8' title="bbox 270 2041 1959 2478">
     <span class='ocr_line' id='line_1_26' title="bbox 270 2041 1959 2107; baseline 0.001 -17"><span class='ocrx_word' id='word_1_182' title='bbox 270 2041 481 2091; x_wconf 83' lang='grc' dir='ltr'>σκέπω</span> <span class='ocrx_word' id='word_1_183' title='bbox 530 2047 680 2103; x_wconf 70' lang='lat' dir='ltr'>teycre</span> <span class='ocrx_word' id='word_1_184' title='bbox 726 2046 785 2093; x_wconf 88' lang='lat' dir='ltr'>fr.</span> <span class='ocrx_word' id='word_1_185' title='bbox 817 2046 862 2092; x_wconf 91' lang='lat' dir='ltr'>X</span> <span class='ocrx_word' id='word_1_186' title='bbox 908 2047 998 2094; x_wconf 88' lang='lat' dir='ltr'>col.</span> <span class='ocrx_word' id='word_1_187' title='bbox 1030 2046 1056 2093; x_wconf 92' lang='lat' dir='ltr'>I</span> <span class='ocrx_word' id='word_1_188' title='bbox 1091 2049 1135 2094; x_wconf 87' lang='grc'>7.</span> <span class='ocrx_word' id='word_1_189' title='bbox 1213 2047 1465 2094; x_wconf 88' lang='lat' dir='ltr'>invenitur</span> <span class='ocrx_word' id='word_1_190' title='bbox 1506 2046 1637 2107; x_wconf 88' lang='lat' dir='ltr'>apud</span> <span class='ocrx_word' id='word_1_191' title='bbox 1676 2044 1959 2107; x_wconf 84' lang='lat' dir='ltr'>Polybium,</span> 
     </span>
     <span class='ocr_line' id='line_1_27' title="bbox 382 2113 1959 2186; baseline 0.001 -22"><span class='ocrx_word' id='word_1_192' title='bbox 382 2117 590 2178; x_wconf 83' lang='lat' dir='ltr'>Epictet.</span> <span class='ocrx_word' id='word_1_193' title='bbox 631 2120 688 2166; x_wconf 89' lang='lat' dir='ltr'>fr.</span> <span class='ocrx_word' id='word_1_194' title='bbox 717 2120 800 2181; x_wconf 91' lang='lat'>23,</span> <span class='ocrx_word' id='word_1_195' title='bbox 831 2122 895 2167; x_wconf 88' lang='lat'>13</span> <span class='ocrx_word' id='word_1_196' title='bbox 939 2114 1260 2186; x_wconf 82' lang='grc' dir='ltr'>(ἀποσκέπω</span> <span class='ocrx_word' id='word_1_197' title='bbox 1301 2121 1378 2168; x_wconf 91' lang='lat' dir='ltr'>III</span> <span class='ocrx_word' id='word_1_198' title='bbox 1405 2123 1489 2180; x_wconf 91' lang='lat'>22,</span> <span class='ocrx_word' id='word_1_199' title='bbox 1517 2113 1624 2186; x_wconf 81' lang='lat'>65).</span> <span class='ocrx_word' id='word_1_200' title='bbox 1702 2122 1959 2181; x_wconf 86' lang='lat' dir='ltr'>praeterea</span> 
     </span>
     <span class='ocr_line' id='line_1_28' title="bbox 380 2192 1959 2254; baseline 0.001 -16"><span class='ocrx_word' id='word_1_201' title='bbox 380 2194 619 2239; x_wconf 89' lang='lat' dir='ltr'>notantur</span> <span class='ocrx_word' id='word_1_202' title='bbox 663 2195 717 2240; x_wconf 87' lang='lat' dir='ltr'>iu</span> <span class='ocrx_word' id='word_1_203' title='bbox 764 2194 1015 2243; x_wconf 87' lang='lat' dir='ltr'>Thesauro</span> <span class='ocrx_word' id='word_1_204' title='bbox 1063 2195 1324 2252; x_wconf 86' lang='lat' dir='ltr'>Aretaeus,</span> <span class='ocrx_word' id='word_1_205' title='bbox 1366 2195 1623 2254; x_wconf 86' lang='lat' dir='ltr'>Arrianus,</span> <span class='ocrx_word' id='word_1_206' title='bbox 1662 2192 1959 2240; x_wconf 90' lang='lat' dir='ltr'>Heliodorus</span> 
     </span>
     <span class='ocr_line' id='line_1_29' title="bbox 381 2265 1958 2329; baseline 0.001 -18"><span class='ocrx_word' id='word_1_207' title='bbox 381 2265 647 2313; x_wconf 82' lang='lat' dir='ltr'>Emesenus</span> <span class='ocrx_word' id='word_1_208' title='bbox 682 2269 731 2314; x_wconf 91' lang='lat' dir='ltr'>et</span> <span class='ocrx_word' id='word_1_209' title='bbox 770 2283 827 2315; x_wconf 84' lang='lat' dir='ltr'>ex</span> <span class='ocrx_word' id='word_1_210' title='bbox 859 2268 1111 2316; x_wconf 90' lang='lat' dir='ltr'>Atticistis</span> <span class='ocrx_word' id='word_1_211' title='bbox 1144 2268 1405 2328; x_wconf 88' lang='lat' dir='ltr'>Lucianus,</span> <span class='ocrx_word' id='word_1_212' title='bbox 1442 2268 1504 2315; x_wconf 91' lang='lat' dir='ltr'>ad</span> <span class='ocrx_word' id='word_1_213' title='bbox 1537 2284 1685 2329; x_wconf 91' lang='lat' dir='ltr'>quem</span> <span class='ocrx_word' id='word_1_214' title='bbox 1717 2267 1958 2314; x_wconf 87' lang='lat' dir='ltr'>accedunt</span> 
     </span>
     <span class='ocr_line' id='line_1_30' title="bbox 381 2336 1956 2478; baseline 0.001 -93"><span class='ocrx_word' id='word_1_215' title='bbox 381 2338 477 2386; x_wconf 89' lang='lat' dir='ltr'>Dio</span> <span class='ocrx_word' id='word_1_216' title='bbox 526 2338 774 2478; x_wconf 71' lang='lat' dir='ltr'>Ch)rysost.</span> <span class='ocrx_word' id='word_1_217' title='bbox 830 2347 879 2390; x_wconf 87' lang='lat' dir='ltr'>et</span> <span class='ocrx_word' id='word_1_218' title='bbox 934 2342 1173 2389; x_wconf 84' lang='lat' dir='ltr'>Aelianus</span> <span class='ocrx_word' id='word_1_219' title='bbox 1228 2336 1339 2408; x_wconf 82' lang='lat' dir='ltr'>(cfr.</span> <span class='ocrx_word' id='word_1_220' title='bbox 1389 2341 1587 2389; x_wconf 85' lang='lat' dir='ltr'>Schmid</span> <span class='ocrx_word' id='word_1_221' title='bbox 1625 2341 1656 2386; x_wconf 92' lang='grc'>1.</span> <span class='ocrx_word' id='word_1_222' title='bbox 1691 2356 1728 2387; x_wconf 90' lang='lat' dir='ltr'>c.</span> <span class='ocrx_word' id='word_1_223' title='bbox 1768 2340 1794 2386; x_wconf 92' lang='lat' dir='ltr'>I</span> <span class='ocrx_word' id='word_1_224' title='bbox 1837 2341 1956 2398; x_wconf 87' lang='lat'>163,</span> 
     </span>
     <span class='ocr_line' id='line_1_31' title="bbox 379 2411 623 2461; baseline 0.012 -3"><span class='ocrx_word' id='word_1_225' title='bbox 379 2411 456 2458; x_wconf 91' lang='lat' dir='ltr'>III</span> <span class='ocrx_word' id='word_1_226' title='bbox 478 2414 583 2461; x_wconf 82' lang='lat'>254</span> <span class='ocrx_word' id='word_1_227' title='bbox 614 2451 623 2460; x_wconf 93' lang='lat'>.</span> 
     </span>
    </p>

    <p class='ocr_par' dir='ltr' id='par_1_9' title="bbox 271 2482 1958 2776">
     <span class='ocr_line' id='line_1_32' title="bbox 271 2482 1953 2552; baseline 0.002 -21"><span class='ocrx_word' id='word_1_228' title='bbox 271 2482 443 2543; x_wconf 85' lang='grc' dir='ltr'>σύρω</span> <span class='ocrx_word' id='word_1_229' title='bbox 483 2502 572 2547; x_wconf 90' lang='lat' dir='ltr'>pro</span> <span class='ocrx_word' id='word_1_230' title='bbox 606 2484 741 2536; x_wconf 84' lang='grc' dir='ltr'>ἕλκω</span> <span class='ocrx_word' id='word_1_231' title='bbox 774 2489 831 2535; x_wconf 88' lang='lat' dir='ltr'>fr.</span> <span class='ocrx_word' id='word_1_232' title='bbox 858 2489 897 2548; x_wconf 91' lang='lat' dir='ltr'>I,</span> <span class='ocrx_word' id='word_1_233' title='bbox 927 2491 970 2536; x_wconf 83' lang='lat'>7.</span> <span class='ocrx_word' id='word_1_234' title='bbox 1018 2493 1180 2538; x_wconf 80' lang='lat' dir='ltr'>exstat</span> <span class='ocrx_word' id='word_1_235' title='bbox 1210 2492 1262 2536; x_wconf 91' lang='lat' dir='ltr'>in</span> <span class='ocrx_word' id='word_1_236' title='bbox 1302 2489 1454 2549; x_wconf 88' lang='lat' dir='ltr'>LXX,</span> <span class='ocrx_word' id='word_1_237' title='bbox 1503 2489 1598 2535; x_wconf 88' lang='lat' dir='ltr'>NT</span> <span class='ocrx_word' id='word_1_238' title='bbox 1649 2482 1785 2552; x_wconf 83' lang='lat' dir='ltr'>(Joh.</span> <span class='ocrx_word' id='word_1_239' title='bbox 1812 2490 1896 2547; x_wconf 93' lang='lat'>21,</span> <span class='ocrx_word' id='word_1_240' title='bbox 1923 2488 1953 2534; x_wconf 82' lang='lat'>8</span> 
     </span>
     <span class='ocr_line' id='line_1_33' title="bbox 384 2555 1957 2629; baseline 0.001 -23"><span class='ocrx_word' id='word_1_241' title='bbox 384 2555 645 2620; x_wconf 86' lang='grc' dir='ltr'>σύροντες</span> <span class='ocrx_word' id='word_1_242' title='bbox 693 2560 754 2610; x_wconf 84' lang='grc' dir='ltr'>τὸ</span> <span class='ocrx_word' id='word_1_243' title='bbox 794 2557 1055 2629; x_wconf 76' lang='grc' dir='ltr'>δίκτυον),</span> <span class='ocrx_word' id='word_1_244' title='bbox 1103 2564 1236 2625; x_wconf 85' lang='lat' dir='ltr'>apud</span> <span class='ocrx_word' id='word_1_245' title='bbox 1277 2562 1586 2623; x_wconf 84' lang='lat' dir='ltr'>Strabonem,</span> <span class='ocrx_word' id='word_1_246' title='bbox 1618 2561 1957 2619; x_wconf 88' lang='lat' dir='ltr'>Plutarchum,</span> 
     </span>
     <span class='ocr_line' id='line_1_34' title="bbox 385 2630 1955 2698; baseline 0.004 -20"><span class='ocrx_word' id='word_1_247' title='bbox 385 2630 607 2680; x_wconf 87' lang='lat' dir='ltr'>Cassium</span> <span class='ocrx_word' id='word_1_248' title='bbox 639 2634 863 2695; x_wconf 86' lang='lat' dir='ltr'>Dionem,</span> <span class='ocrx_word' id='word_1_249' title='bbox 895 2636 1248 2698; x_wconf 88' lang='lat' dir='ltr'>Herodianum,</span> <span class='ocrx_word' id='word_1_250' title='bbox 1272 2637 1561 2696; x_wconf 87' lang='lat' dir='ltr'>Lucianum,</span> <span class='ocrx_word' id='word_1_251' title='bbox 1597 2635 1955 2684; x_wconf 79' lang='lat' dir='ltr'>Philostratum</span> 
     </span>
     <span class='ocr_line' id='line_1_35' title="bbox 382 2702 1958 2776; baseline 0.002 -24"><span class='ocrx_word' id='word_1_252' title='bbox 382 2707 646 2754; x_wconf 88' lang='lat' dir='ltr'>secundum</span> <span class='ocrx_word' id='word_1_253' title='bbox 695 2703 805 2773; x_wconf 84' lang='lat' dir='ltr'>(cfr.</span> <span class='ocrx_word' id='word_1_254' title='bbox 847 2709 1047 2758; x_wconf 87' lang='lat' dir='ltr'>Schmid</span> <span class='ocrx_word' id='word_1_255' title='bbox 1093 2712 1123 2756; x_wconf 93' lang='lat' dir='ltr'>l.</span> <span class='ocrx_word' id='word_1_256' title='bbox 1159 2726 1196 2758; x_wconf 90' lang='lat' dir='ltr'>c.</span> <span class='ocrx_word' id='word_1_257' title='bbox 1235 2710 1308 2758; x_wconf 84' lang='lat' dir='ltr'>IV</span> <span class='ocrx_word' id='word_1_258' title='bbox 1346 2728 1392 2772; x_wconf 91' lang='lat' dir='ltr'>p.</span> <span class='ocrx_word' id='word_1_259' title='bbox 1421 2702 1573 2776; x_wconf 87' lang='lat'>331),</span> <span class='ocrx_word' id='word_1_260' title='bbox 1618 2709 1764 2770; x_wconf 71' lang='lat' dir='ltr'>alios,</span> <span class='ocrx_word' id='word_1_261' title='bbox 1804 2709 1958 2756; x_wconf 82' lang='lat' dir='ltr'>etiam</span> 
     </span>
    </p>
   </div>
   <div class='ocr_carea' id='block_1_5' title="bbox 384 2780 2062 2846">
    <p class='ocr_par' dir='ltr' id='par_1_10' title="bbox 384 2780 2062 2846">
     <span class='ocr_line' id='line_1_36' title="bbox 384 2780 2062 2846; baseline 0.002 -21"><span class='ocrx_word' id='word_1_262' title='bbox 384 2782 558 2840; x_wconf 82' lang='lat' dir='ltr'>poetae</span> <span class='ocrx_word' id='word_1_263' title='bbox 596 2780 928 2846; x_wconf 84' lang='lat' dir='ltr'>Anthologiae</span> <span class='ocrx_word' id='word_1_264' title='bbox 969 2786 1239 2845; x_wconf 88' lang='lat' dir='ltr'>primorum</span> <span class='ocrx_word' id='word_1_265' title='bbox 1287 2786 1644 2845; x_wconf 84' lang='lat' dir='ltr'>imperatorum</span> <span class='ocrx_word' id='word_1_266' title='bbox 1684 2785 1846 2829; x_wconf 76' lang='lat' dir='ltr'>aetate</span> <span class='ocrx_word' id='word_1_267' title='bbox 1884 2782 1958 2828; x_wconf 88' lang='lat' dir='ltr'>vi—</span> <span class='ocrx_word' id='word_1_268' title='bbox 2058 2824 2062 2835; x_wconf 26' lang='grc' dir='ltr'><strong><em>ἢ</em></strong></span> 
     </span>
    </p>
   </div>
   <div class='ocr_carea' id='block_1_6' title="bbox 385 2855 1178 2918">
    <p class='ocr_par' dir='ltr' id='par_1_11' title="bbox 385 2855 1178 2918">
     <span class='ocr_line' id='line_1_37' title="bbox 385 2855 1178 2918; baseline 0.004 -18"><span class='ocrx_word' id='word_1_269' title='bbox 385 2855 550 2901; x_wconf 79' lang='lat' dir='ltr'>ventes</span> <span class='ocrx_word' id='word_1_270' title='bbox 589 2855 882 2903; x_wconf 79' lang='lat' dir='ltr'>vocabulum</span> <span class='ocrx_word' id='word_1_271' title='bbox 922 2861 1178 2918; x_wconf 86' lang='lat' dir='ltr'>usurpant.</span> 
     </span>
    </p>
   </div>
   <div class='ocr_carea' id='block_1_7' title="bbox 271 2908 2055 2992">
    <p class='ocr_par' dir='ltr' id='par_1_12' title="bbox 271 2908 2055 2992">
     <span class='ocr_line' id='line_1_38' title="bbox 271 2908 2055 2992; baseline 0.001 -19"><span class='ocrx_word' id='word_1_272' title='bbox 271 2924 521 2986; x_wconf 79' lang='grc' dir='ltr'>τρανόω</span> <span class='ocrx_word' id='word_1_273' title='bbox 570 2929 626 2974; x_wconf 72' lang='lat' dir='ltr'>fr.</span> <span class='ocrx_word' id='word_1_274' title='bbox 659 2928 791 2975; x_wconf 80' lang='lat' dir='ltr'>xxx</span> <span class='ocrx_word' id='word_1_275' title='bbox 840 2930 930 2978; x_wconf 75' lang='lat'>001.</span> <span class='ocrx_word' id='word_1_276' title='bbox 970 2931 1020 2978; x_wconf 88' lang='grc' dir='ltr'>Π</span> <span class='ocrx_word' id='word_1_277' title='bbox 1054 2933 1083 2978; x_wconf 87' lang='lat'><strong>3</strong></span> <span class='ocrx_word' id='word_1_278' title='bbox 1119 2934 1169 2979; x_wconf 71' lang='lat' dir='ltr'>et</span> <span class='ocrx_word' id='word_1_279' title='bbox 1203 2933 1256 2992; x_wconf 88' lang='lat'>5,</span> <span class='ocrx_word' id='word_1_280' title='bbox 1304 2933 1512 2979; x_wconf 75' lang='lat' dir='ltr'>sortasse</span> <span class='ocrx_word' id='word_1_281' title='bbox 1561 2930 1711 2978; x_wconf 73' lang='lat' dir='ltr'>etiam</span> <span class='ocrx_word' id='word_1_282' title='bbox 1750 2932 1808 2978; x_wconf 80' lang='lat' dir='ltr'>fr.</span> <span class='ocrx_word' id='word_1_283' title='bbox 1842 2929 1962 2977; x_wconf 78' lang='lat' dir='ltr'>xxi</span> <span class='ocrx_word' id='word_1_284' title='bbox 2051 2908 2055 2912; x_wconf 31' lang='lat'>.</span> 
     </span>
    </p>
   </div>
  </div>
 </body>
</html>
