2066 3146
886 134 939 139 ——
1002 106 1223 150 XIV—

218 245 463 309 πράξεων
505 248 663 295 dicere
695 247 835 307 velle,
874 249 979 294 tum
1011 247 1148 308 prius
1181 247 1329 306 caput
1359 245 1536 307 incipit
1566 247 1614 291 et
1646 241 1711 292 τὰ
1742 241 1903 305 πάθη,

219 323 398 383 quibus
439 322 646 369 sublatis
678 321 908 381 voluptas
942 322 1162 367 animum
1194 320 1374 381 capiat,
1414 321 1690 366 enumerat:
1723 317 1900 380 φόβον

218 393 274 443 ἐκ
315 396 475 452 Θεῶν,
525 392 701 455 φόβον
751 390 857 441 ἀπὸ
906 390 1165 452 θανάτου,
1211 389 1389 453 φόβον
1430 389 1525 440 ἀπ’
1568 389 1900 452 ἀλγηδόνων,

218 466 518 529 {movilium
559 468 764 515 eundem
799 467 1018 514 ordinem
1049 467 1102 513 in
1142 467 1477 528 disputatione
1509 469 1759 515 servatum
1798 481 1902 514 esse

214 545 595 592 consentaneum
636 543 710 589 est
750 544 799 589 et
839 557 867 588 a
900 541 1101 588 deorum
1142 543 1276 588 metu
1309 556 1457 601 quem
1488 542 1700 602 primum
1733 542 1903 602 posuit

211 633 382 664 revera
431 618 721 677 scriptorem
766 617 982 676 incipere
1022 614 1245 663 videmus
1295 615 1383 661 col.
1409 614 1462 661 II
1498 631 1542 661 v.
1574 617 1638 662 12
1658 630 1762 676 sqq.
1842 630 1901 662 ex

211 691 302 738 hoc
348 692 454 751 ipso
506 705 616 736 cum
662 690 763 735 iam
809 688 1066 750 probabile
1121 690 1200 749 3113,
1253 689 1311 735 fr.
1349 690 1412 735 71
1449 681 1632 755 (XXX)
1688 704 1784 750 quo
1840 688 1902 736 de

212 765 398 811 duobus
453 764 647 810 timoris
701 762 959 825 generibus
1020 763 1187 825 agitur
1247 762 1342 810 huc
1394 762 1726 810 revocandum
1781 777 1901 822 esse,

214 854 369 899 paene
435 840 566 884 certa
628 836 684 883 fit
736 852 814 884 res
876 851 1023 884 versu
1082 836 1254 897 quinto
1317 836 1516 884 decimo.
1615 836 1667 882 in
1729 837 1787 883 fr.
1831 837 1898 883 63

211 903 420 978 (XXIX)
469 911 599 958 enim
645 926 798 972 prope
847 910 908 957 ad
961 909 1108 957 finem
1156 909 1365 957 deducta
1412 912 1486 957 est
1531 905 1740 971 Epicuri
1786 923 1898 969 κυρ

211 983 316 1035 boi.
351 985 442 1046 ΙΙΙ,
473 986 526 1031 13
557 985 732 1047 fragm.
763 986 824 1030 71
855 977 1040 1051 (XXX)
1074 986 1240 1031 autem
1273 983 1430 1030 altera
1463 978 1528 1049 (κ.
1555 985 1598 1031 δ.
1624 977 1769 1050 ΧΙΠ)
1795 985 1898 1032 vix-

211 1060 330 1106 dum
370 1062 545 1120 coepta
593 1060 687 1118 est,
734 1061 791 1105 ut
830 1058 996 1105 videre
1034 1059 1208 1120 possis,
1250 1059 1302 1105 in
1342 1074 1441 1105 uno
1481 1058 1646 1119 lapide
1687 1061 1900 1120 angusto

211 1134 340 1180 inter
377 1134 641 1193 utrumque
682 1133 777 1180 sito
818 1134 867 1179 et
905 1132 1052 1179 finem
1083 1132 1218 1179 illius
1258 1134 1308 1179 et
1338 1147 1491 1193 parvo
1530 1132 1703 1180 relicto
1735 1133 1899 1194 spatio

211 1201 452 1273 (spatium
515 1208 628 1253 ante
691 1207 964 1254 sententiae
1026 1207 1230 1253 initium
1290 1206 1440 1253 habes
1504 1206 1654 1252 etiam
1714 1206 1772 1253 fr.
1827 1207 1898 1253 80

211 1304 266 1317 =
291 1275 526 1344 XLVIII)
565 1281 711 1327 huius
749 1280 950 1327 initium
988 1281 1162 1340 fuisse3
1203 1281 1350 1341 atque
1391 1279 1559 1326 eadem
1600 1280 1700 1326 fere
1738 1281 1900 1327 forma

210 1358 262 1402 et
298 1355 562 1402 latitudine
602 1354 823 1416 perditus
862 1355 942 1401 hic
981 1354 1110 1415 lapis
1151 1356 1257 1401 erat
1301 1356 1450 1414 atque
1490 1354 1547 1400 fr.
1578 1355 1660 1412 71,
1701 1369 1811 1400 cum
1850 1356 1899 1401 et

210 1431 476 1476 extremam
515 1432 710 1490 partem
750 1429 1006 1476 columnae
1046 1429 1245 1475 dextrae
1277 1429 1334 1474 fr.
1364 1429 1430 1474 63
1459 1420 1668 1493 (XXIX)
1710 1430 1760 1475 et
1798 1428 1898 1489 pri-

208 1519 340 1550 mam
386 1503 750 1563 maximamque
795 1504 989 1564 partem
1037 1502 1256 1549 eiusdem
1304 1501 1560 1548 columnae
1609 1503 1899 1565 contineret,

209 1577 345 1624 cuius
376 1576 612 1638 reliquias
643 1577 696 1623 in
728 1577 785 1622 fr.
816 1578 878 1623 71
916 1569 1098 1642 (XXX)
1131 1575 1380 1624 habemus.
1449 1576 1528 1622 hic
1560 1575 1714 1639 igitur
1745 1592 1899 1638 prope

211 1654 342 1699 certo
384 1651 604 1712 exemplo
645 1650 1025 1711 demonstratur,
1064 1666 1162 1698 non
1195 1652 1447 1699 servatum
1487 1664 1589 1698 esse
1630 1651 1895 1698 sententia-

208 1742 316 1772 rum
366 1725 608 1784 ordinem,
650 1741 796 1786 quem
841 1724 1069 1771 Laertius
1116 1724 1257 1771 nobis
1299 1723 1515 1783 exhibet,
1562 1738 1673 1770 611111
1713 1720 1898 1782 κυρίαν

210 1796 372 1847 δόξαν
420 1800 622 1846 tertiam
671 1798 885 1860 excipiat
931 1798 1121 1845 decima
1174 1793 1346 1858 tertia,
1399 1813 1696 1859 quamquam
1746 1799 1895 1845 etiam

209 1876 402 1934 quarta,
428 1874 618 1934 quinta,
644 1874 794 1933 sexta,
819 1875 1010 1933 octava,
1035 1872 1224 1918 decima
1247 1872 1364 1918 huic
1388 1871 1703 1935 gnomologio
1727 1872 1895 1919 insint.

324 1945 497 1994 Cetera
544 1947 824 2009 fragmenta
872 1948 947 1994 ita
999 1946 1260 2008 partitioni
1299 1961 1449 2007 quam
1498 1945 1643 1992 modo
1689 1960 1897 1992 comme-

208 2022 398 2067 moravi
430 2020 843 2074 accommodanda
882 2035 985 2067 esse
1023 2023 1167 2081 puto:
1209 2019 1270 2066 ad
1309 2020 1438 2066 hunc
1476 2019 1652 2078 locum,
1697 2035 1793 2080 quo
1835 2020 1896 2067 de

209 2097 342 2141 metu
375 2094 577 2143 deorum
611 2095 790 2158 agitur,
822 2095 1073 2156 pertinent
1104 2094 1253 2141 etiam
1278 2095 1361 2140 frr.
1393 2093 1604 2141 78-81
1635 2085 1894 2158 (ΧΧΧΙ--

208 2162 468 2234 XXXIII),
517 2169 695 2229 quibus
737 2169 794 2215 de
836 2167 1140 2216 divinatione
1181 2169 1230 2214 et
1269 2168 1328 2214 de
1368 2169 1472 2214 fato
1519 2167 1742 2228 loquitur
1780 2169 1895 2214 scri-

207 2244 332 2302 ptor.
411 2243 607 2290 videtur
647 2245 793 2290 antea
831 2242 1124 2290 refutavisse
1159 2241 1348 2290 Stoicos
1390 2258 1446 2288 ex
1486 2241 1789 2288 divinatione
1820 2241 1894 2287 fa-

208 2318 314 2362 tum
349 2331 451 2364 esse
483 2316 748 2364 firmantes.
797 2317 860 2364 ad
892 2316 1155 2363 secundum
1189 2316 1364 2374 10611111,
1397 2318 1557 2362 metus
1588 2314 1761 2362 mortis
1794 2330 1893 2375 quo

208 2392 467 2450 tractatur,
491 2390 746 2437 referenda
778 2392 894 2438 sunt
917 2391 1000 2436 frr.
1023 2391 1183 2437 73—7·
1193 2392 1222 2435 5
1243 2382 1514 2455 (XXXVI),
1536 2389 1600 2434 72
1623 2381 1895 2454 (XXXIV),

214 2465 427 2511 76—77
455 2456 708 2529 (XXXV),
739 2466 797 2511 ut
819 2463 1016 2511 videtur
1046 2464 1105 2510 fr.
1133 2464 1200 2510 83
1228 2456 1511 2528 (XXXVII)
1538 2477 1730 2524 quoque
1755 2478 1892 2523 pror-

209 2551 289 2584 sus
328 2537 628 2584 mutilatum.
707 2538 770 2584 ad
806 2539 1034 2596 tertium,
1079 2553 1175 2598 quo
1217 2538 1384 2600 agitur
1423 2536 1481 2583 de
1521 2537 1655 2583 metu
1696 2536 1894 2595 doloris,

209 2612 484 2671 spectantia
534 2610 811 2673 fragmenta
854 2611 994 2657 nulla
1035 2611 1284 2659 habemus.
1371 2626 1469 2657 non
1521 2610 1648 2656 enim
1697 2610 1778 2655 frr.
1823 2609 1890 2655 64

209 2687 259 2732 et
292 2685 359 2730 65
394 2677 679 2737 (XXXVIII
710 2687 759 2732 et
788 2677 1021 2750 XXXIX)
1068 2685 1162 2732 huc
1200 2687 1329 2732 recte
1368 2684 1542 2731 referri
1581 2682 1642 2730 ab
1675 2682 1892 2730 Usenero

210 2760 259 2805 et
291 2745 558 2804 editoribus
590 2758 866 2805 Austriacis
898 2759 1033 2820 puto,
1067 2758 1151 2805 sed
1181 2759 1340 2820 magis
1374 2756 1660 2804 crediderim
1693 2771 1752 2803 ea
1781 2771 1892 2837 per-

208 2833 363 2879 ‘oinere
388 2831 450 2878 ad
477 2832 744 2878 extremam
759 2833 952 2892 partem
967 2833 1123 2879 totius
1148 2831 1207 2878 de
1232 2830 1463 2878 tollendis
1481 2829 1734 2876 affectibus
1759 2829 1890 2890 capi

207 2906 272 2952 tis
314 2899 429 2969 (cfn
458 2904 517 2951 ad
541 2905 600 2951 fr.
627 2898 924 2971 XXXVIII).
980 2905 1128 2952 etiam
1164 2906 1332 2965 quarti
1361 2903 1457 2951 loci
1490 2904 1666 2964 capitis
1695 2904 1891 2964 prioris,
