2038 3146
846 630 1236 688 Praefatio.

308 778 545 842 Diogenis
601 775 969 827 Oenoandensis
1022 779 1322 842 fiagmenta,
1379 793 1503 839 quae
1560 792 1687 825 anno
1745 777 1884 824 1884

197 852 293 902 viri
347 851 480 900 docti
542 851 902 917 Francogallici
953 852 1200 900 HoUeaux
1255 856 1306 900 et
1362 851 1502 899 Paris
1555 853 1705 913 atque
1758 852 1885 899 inse·

198 928 373 989 quenti
427 942 555 975 anno
611 927 758 974 Diehl
813 930 862 974 et
917 926 1098 975 Cousin
1151 927 1495 989 reppererunt,
1558 940 1686 973 anno
1743 925 1884 974 1889

197 1000 459 1063 descripsit
512 999 695 1049 Cousin
749 1016 977 1063 annoque
1037 1001 1176 1048 1892
1238 999 1393 1048 edidit
1453 1001 1505 1046 in
1561 998 1885 1061 ephemeridis

198 1075 416 1122 Bullete‘n
447 1075 506 1123 de
537 1076 942 1135 correspondance
973 1074 1259 1134 Helle'nigme
1288 1077 1423 1122 tomo
1452 1073 1571 1121 XVI
1608 1091 1654 1136 p.
1692 1075 1830 1120 1—7
1839 1074 1885 1120 6.

197 1164 295 1210 qua
336 1149 553 1197 editione
591 1150 728 1197 nisus
768 1148 937 1197 eodem
975 1150 1076 1197 iam
1117 1164 1246 1197 anno
1296 1150 1374 1197 vir
1412 1147 1724 1196 doctissimus
1762 1146 1886 1194 Her-

197 1238 405 1272 mannus
445 1222 653 1284 Usener,
694 1238 839 1284 quem
886 1239 1043 1284 nuper
1067 1225 1331 1271 <mortuum
1378 1237 1481 1270 esse
1528 1237 1695 1270 omnes
1742 1221 1886 1269 vehe-

194 1299 388 1345 menter
434 1297 676 1356 dolemus,
725 1296 1039 1361 sagacissime
1085 1298 1369 1360 fragmenta
1413 1295 1503 1343 illa
1550 1296 1790 1344 tractavit
1834 1295 1884 1342 in

196 1372 366 1419 Musei
404 1371 631 1419 Rhenum
669 1374 804 1419 tomo
838 1373 905 1418 47
948 1373 999 1418 et
1037 1373 1096 1418 ut
1135 1373 1296 1419 acrius
1336 1371 1494 1418 solum
1542 1369 1667 1417 illud
1705 1368 1889 1431 Lyciae

196 1445 360 1492 fertile
407 1445 828 1508 pervestigaretur
876 1445 1144 1493 admonuit.
1232 1447 1282 1492 et
1329 1445 1514 1507 optime
1555 1443 1724 1491 meriti
1769 1446 1889 1491 sunt

196 1520 291 1566 viri
325 1519 457 1567 docti
488 1519 742 1568 Austriaci
772 1518 1034 1581 Heberdey
1066 1522 1115 1567 et
1142 1519 1383 1578 Kalinka,
1416 1518 1546 1579 quod
1578 1533 1707 1566 anno
1743 1518 1884 1566 1895

194 1595 515 1641 monumenta
560 1593 651 1641 illa
688 1593 887 1654 lapidea
931 1595 1323 1656 recognoverunt
1370 1595 1420 1640 et
1466 1608 1595 1639 anno
1645 1592 1784 1640 1897
1833 1591 1887 1638 in

195 1666 330 1714 illius
377 1667 615 1715 Bulletim·
660 1670 795 1715 tomo
834 1667 952 1715 XXI
998 1685 1043 1730 p.
1081 1668 1370 1715 346—443
1431 1666 1702 1714 ediderunt.
1789 1680 1888 1726 qua

196 1740 411 1789 editione
450 1743 588 1803 prior
628 1741 830 1789 Cousini
861 1757 1061 1803 prorsus
1092 1742 1193 1790 fere
1220 1741 1482 1790 obscurata
1514 1743 1564 1788 et
1595 1740 1886 1802 plerumque

195 1819 303 1862 tum
335 1816 498 1863 solum
529 1815 807 1863 adhibenda
840 1817 928 1876 est,
959 1817 1002 1863 si
1032 1815 1312 1879 fragmenta
1336 1817 1501 1864 servat
1526 1814 1586 1862 ab
1607 1813 1886 1861 Austriacis

195 1904 294 1936 non
332 1892 542 1951 reperta.
620 1905 736 1938 nam
775 1893 825 1938 et
861 1890 1082 1951 ipsorum
1116 1889 1337 1951 lapidum
1378 1891 1590 1936 formam
1626 1889 1679 1936 in
1710 1889 1889 1936 horum

196 1962 412 2011 editione
450 1963 643 2012 invenis
689 1963 954 2026 diligenter
1000 1964 1246 2026 depictam
1295 1966 1344 2012 et
1389 1963 1710 2025 descriptam,
1757 1961 1886 2010 unde

197 2037 356 2084 multa
395 2037 518 2085 disci
567 2041 797 2100 possunt,
845 2053 970 2098 quae
1017 2039 1311 2102 gravissimo
1356 2038 1607 2084 momento
1653 2040 1790 2097 sunt,
1837 2038 1887 2082 et

194 2110 430 2160 lectiones
476 2110 614 2174 ipsae
659 2111 755 2159 tibi
799 2111 1099 2173 praebentur
1145 2112 1305 2159 multo
1360 2110 1711 2171 accuratiores3
1765 2125 1885 2157 non-

195 2185 334 2233 nulla
374 2201 570 2247 quoque
617 2201 746 2232 nova
793 2186 1074 2249 fragmenta
1125 2188 1444 2234 accesserunt.
1531 2184 1682 2232 etiam
1727 2184 1887 2231 maior

145 2262 148 2265 ’
194 2259 252 2306 fit
288 2258 435 2307 huius
475 2259 705 2307 editionis
744 2259 941 2308 utilitas
974 2266 1023 2307 et
1054 2260 1315 2307 verborum
1347 2259 1723 2321 supplementis,
1759 2273 1885 2319 quae

195 2333 379 2394 partim
420 2349 478 2379 ex
518 2333 722 2381 Useneri
763 2334 999 2395 opusculo
1037 2336 1236 2395 recepta
1282 2333 1467 2396 partim
1504 2333 1565 2380 ab
1614 2332 1884 2380 editoribus

195 2406 405 2468 aliisque
459 2407 580 2456 viris
634 2407 792 2456 doctis
845 2407 1073 2470 praebita
1121 2407 1362 2468 efficiunt,
1415 2410 1474 2455 ut
1528 2407 1725 2454 facilius
1773 2421 1884 2454 con-

194 2482 358 2527 textus
398 2481 614 2546 intelligi
659 2481 842 2543 possit,
892 2484 941 2529 et
988 2481 1278 2544 appendice,
1328 2497 1425 2543 qua
1473 2480 1710 2528 sermonis
1760 2496 1884 2540 quae

194 2555 548 2603 memoratione
595 2555 746 2618 digna
794 2558 910 2604 sunt
955 2555 1220 2619 diligenter
1265 2556 1327 2603 ab
1376 2554 1646 2602 editoribus
1689 2569 1886 2615 compo-

195 2631 392 2676 nuntur.

306 2702 509 2751 Talibus
554 2703 890 2751 fundamentis
937 2703 1154 2752 innisum
1202 2703 1392 2765 aliquid
1438 2705 1555 2751 novi
1602 2719 1651 2751 se
1691 2703 1883 2749 efficere

194 2791 336 2837 posse
376 2778 528 2825 etiam
565 2778 609 2826 is
648 2780 833 2841 speret,
873 2778 959 2839 qui
999 2794 1098 2827 non
1137 2779 1243 2840 ipse
1283 2777 1473 2840 lapides
1507 2777 1621 2824 illos
1652 2777 1882 2836 loquaces

193 2849 389 2902 viderit.
462 2867 578 2914 ⁴cum
626 2851 756 2899 enim
795 2851 954 2900 multa
993 2867 1022 2899 a
1061 2852 1181 2901 viris
1220 2851 1378 2900 doctis
1418 2850 1575 2899 adhuc
1625 2851 1886 2897 enucleata
