2066 3146
22 936 35 947 «ι
17 899 29 922 '-
16 762 35 887 ’Ἶῖε-ῑΐῦ·
20 630 35 738 iffa&
27 610 34 615 2

6 1609 23 1748 -ψη-

9 1142 33 1417 *ruwet-mnu„
35 1075 37 1077 ,
34 990 35 995 „

866 82 1247 126 —XLIII—

246 227 294 272 7.
333 223 551 272 Neutri
601 225 793 287 generis
846 222 1039 271 numeri
1093 223 1303 284 pluralis
1366 222 1591 271 subiecto
1638 224 1901 285 respondet

334 298 474 346 verbi
519 313 715 359 quoque
762 312 994 345 numerus
1040 296 1273 358 pluralis,
1319 296 1563 357 siquidem
1609 300 1740 344 recte
1788 313 1899 358 sup-

332 373 500 434 pletur
536 372 595 421 fr.
630 372 698 418 IX
726 373 754 419 9
802 374 852 418 et
890 371 948 419 fr.
982 370 1165 417 XXXV
1213 370 1302 418 col.
1337 369 1360 416 I
1394 371 1440 419 6.
1518 386 1635 418 usus
1676 371 1901 418 Homeri-

336 461 425 495 cus
466 448 515 493 et
545 446 782 507 vulgaris,
823 446 909 506 qui
939 447 1108 492 tamen
1138 459 1235 491 non
1276 460 1545 505 numquam
1578 446 1730 492 etiam
1770 445 1899 506 apud

340 519 680 581 Thucydidem
716 522 766 567 et
796 518 1171 581 Xenophontem
1203 519 1467 566 invenitur.
1521 520 1573 565 in
1607 519 1702 565 NT
1735 520 1902 581 singu·-

335 594 457 642 laris
507 596 556 641 et
602 593 813 655 pluralis
859 608 1092 640 numerus
1139 591 1279 639 verbi
1324 593 1663 640 inconstanter
1704 593 1902 640 variant

336 671 395 715 ut
426 666 562 729 apud
585 666 873 726 Homerum,
906 667 991 714 cfr.
1023 666 1168 714 Blass
1200 667 1230 712 1.
1258 681 1295 713 c.
1321 683 1368 727 p.
1398 668 1463 713 77
1484 681 1576 727 sq.;
1603 668 1672 714 sic
1697 669 1746 713 et
1771 667 1902 728 apud

335 741 599 790 Aristeam.
691 741 871 803 papyri
923 756 1119 802 quoque
1166 741 1364 801 saepius
1411 740 1657 802 pluralem
1703 741 1902 799 habent,

335 815 394 863 ut
444 815 562 877 Pap.
619 816 814 879 magica
868 814 942 862 ed.
997 813 1251 862 Dieterich
1301 815 1391 862 col.
1434 813 1531 861 XII
1574 817 1602 861 2
1660 809 1903 874 ὀνόματά

340 886 490 938 εἰσιν.
591 888 724 951 apud
784 889 1049 936 Atticistas
1117 904 1311 950 quoque
1379 888 1589 950 pluralis
1652 889 1905 936 invenitur

335 958 446 1030 (cfr.
489 963 795 1012 Schmidium
833 963 865 1010 l.
892 979 930 1011 c.
963 962 1034 1010 IV
1066 980 1112 1024 p.
1140 957 1287 1028 632),
1327 964 1414 1024 qui
1453 963 1599 1010 hodie
1640 979 1669 1010 a
1703 961 1901 1011 Graecis

332 1037 466 1086 solus
506 1037 782 1085 adhibetur.

284 1150 293 1159 .
332 1112 673 1159 Perfectum
717 1127 808 1173 pro
855 1114 1114 1173 praesente
1160 1110 1218 1160 fr.
1252 1110 1302 1157 II
1342 1111 1431 1159 col.
1457 1111 1503 1156 V
1538 1112 1566 1158 9
1610 1108 1900 1171 διαβέβηκε,

333 1187 392 1233 fr.
426 1185 589 1232 XXVI
638 1186 728 1233 col.
760 1186 785 1232 I
822 1187 888 1232 14
937 1183 1198 1242 πέπονθε,
1246 1186 1304 1231 fr.
1338 1185 1600 1232 XXXVIII
1639 1185 1729 1232 col.
1762 1184 1839 1232 III
1870 1187 1899 1232 9

335 1256 752 1316 ἀποδεδωκέναι,
787 1275 876 1321 pro
911 1261 1095 1308 aoristo
1126 1258 1334 1305 XXXIX
1361 1259 1453 1307 col.
1477 1258 1528 1306 II
1556 1261 1584 1306 7
1621 1256 1900 1320 ἐκπολιορ-

333 1332 590 1394 κηθέντος
811 1331 895 1381 καὶ
947 1330 1390 1394 καταβεβηκότος.
1467 1333 1746 1381 infinitivus
1793 1349 1900 1394 per-

331 1410 454 1457 fecti
492 1424 582 1470 pro
622 1407 870 1455 infinitivo
904 1408 1079 1455 aoristi
1109 1407 1320 1455 libenter
1349 1408 1555 1469 ponitur
1586 1408 1737 1454 etiam
1770 1407 1902 1468 apud

331 1482 595 1530 Atticistas
619 1478 733 1543 post
758 1479 856 1542 χρή
885 1485 933 1528 et
957 1482 1142 1529 similia
1165 1481 1328 1542 verba,
1353 1482 1439 1530 cfr.
1466 1480 1775 1529 Schmidium
1803 1481 1835 1529 1.
1862 1497 1900 1529 c.

332 1556 405 1603 IV
442 1573 490 1618 p.
518 1558 646 1614 617.
695 1555 779 1603 sed
819 1557 1084 1616 scriptores
1130 1555 1360 1619 vulgares
1407 1555 1559 1604 etiam
1599 1556 1734 1603 ultra
1772 1556 1900 1603 hanc

332 1631 602 1678 formulam
633 1631 853 1691 perfecto
887 1629 1160 1677 abutuntur
1190 1633 1250 1677 ut
1289 1629 1512 1678 Aristeas
1552 1645 1658 1692 cap.
1687 1631 1750 1676 21
1804 1627 1902 1678 οὐκ

334 1701 612 1765 ἄχρηστον
652 1700 830 1764 οἴομαι
878 1701 1358 1764 κατακεχωρίσθαι,
1399 1719 1504 1765 cap.
1542 1707 1567 1752 1
1620 1701 1708 1752 διὰ
1740 1701 1802 1751 τὸ
1836 1702 1902 1752 σὲ

333 1776 455 1839 περὶ
495 1777 703 1827 πολλοῦ
743 1778 1069 1838 πεποιῆσθαι
1109 1774 1545 1838 ὑπομιμνήσκειν,
1587 1776 1747 1825 Greek
1786 1794 1899 1839 pap.

334 1853 459 1900 Brit.
510 1852 636 1900 Mus.
688 1853 712 1899 I
762 1869 808 1914 p.
848 1854 917 1900 30
993 1851 1058 1900 σὲ
1105 1850 1165 1900 δὲ
1214 1850 1376 1912 μηδὲν
1427 1853 1752 1912 τεθυμῆσθαι
1804 1852 1900 1900 τοῦ

333 1924 736 1986 παραγενέσθαι
785 1923 902 1986 μηδ’
950 1923 1338 1987 ἑνβεβλοφέναι
1387 1923 1463 1985 εἰς
1501 1924 1599 1986 τὴν
1638 1922 1901 1987 ἡμετέραν

336 1997 671 2060 περίστασιν.
751 1999 847 2048 Sed
885 2015 985 2048 non
1025 2000 1158 2048 solus
1195 1999 1473 2048 infinitivus
1512 2001 1587 2048 ita
1625 1999 1902 2058 adhibetur,

335 2075 421 2122 cfr.
489 2089 616 2135 quae
679 2074 853 2121 dicunt
921 2074 1143 2122 Blassius
1211 2074 1242 2121 l.
1283 2090 1321 2121 o.
1392 2091 1439 2136 p.
1484 2075 1610 2135 195,
1669 2073 1901 2122 Lehrsius

336 2150 515 2207 quaest.
571 2150 732 2208 epicae
784 2149 978 2216 1³:27⁶
1042 2148 1375 2195 Pindarsclwl.
1446 2164 1494 2210 p.
1538 2150 1630 2208 47,
1685 2148 1901 2197 Dielsius

334 2221 549 2281 Doaeoyr.
599 2223 721 2282 256,
767 2218 1013 2284 imprimis
1060 2221 1424 2270 Radermacher
1468 2222 1533 2270 ad
1578 2222 1793 2270 Demetr.
1843 2223 1900 2269 de

338 2297 456 2344 eloc.
497 2313 544 2358 p.
571 2297 656 2343 85.
711 2296 962 2358 exemplar
993 2296 1096 2343 eius
1126 2297 1351 2343 luxuriae
1382 2296 1622 2358 praebent
1653 2296 1901 2344 Timothei

338 2369 518 2418 Gazaei
558 2373 786 2431 excerpta
825 2369 1080 2418 Constant.
1122 2370 1194 2418 ed.
1231 2369 1469 2418 Lambros
1510 2364 1708 2437 (Suppl.
1747 2371 1899 2419 Arist.

265 2444 267 2447 ⁴
337 2459 408 2492 ac.
448 2444 562 2492 Bor.
603 2444 627 2491 I
655 2447 680 2491 1
710 2444 821 2491 Ber.
865 2439 1045 2511 1885).

286 2556 296 2566 .
336 2518 626 2579 Tempora
649 2520 919 2567 miscentur
939 2518 1000 2565 fr.
1025 2518 1232 2565 XXXIX
1256 2519 1347 2566 col.
1365 2518 1415 2565 II
1434 2521 1463 2566 3
1491 2521 1542 2567 et
1559 2520 1607 2579 8,
1630 2520 1690 2566 fr.
1717 2519 1900 2566 XXXV

336 2592 427 2640 col.
451 2591 503 2639 Π
537 2593 566 2639 6
601 2595 651 2640 et
685 2590 729 2639 8.
809 2608 866 2638 ex
904 2592 1001 2639 NT
1041 2595 1185 2640 notat
1224 2593 1368 2641 Blass
1406 2593 1438 2639 l.
1465 2608 1503 2641 c.
1543 2593 1749 2655 Apocal.
1792 2595 1839 2652 5,
1869 2595 1896 2639 7

337 2661 465 2726 ἦλθε
505 2663 590 2714 καὶ
630 2661 840 2728 εἴληφε;
884 2664 930 2726 8,
965 2668 1018 2728 53
1062 2668 1107 2726 7,
1144 2668 1234 2727 143
1277 2668 1360 2727 19,
1395 2668 1449 2727 33
1488 2667 1666 2715 Matth.
1697 2668 1779 2726 13,
1805 2669 1898 2727 463

336 2740 448 2788 Jak.
500 2743 552 2800 1,
590 2741 681 2800 243
734 2741 931 2802 saepius
978 2742 1169 2788 exstare
1216 2740 1436 2801 videtur,
1483 2743 1540 2788 ut
1584 2740 1696 2789 Joh.
1739 2742 1794 2801 3,
1829 2742 1895 2788 32

338 2810 540 2874 ἑώρακε
579 2812 664 2862 καὶ
702 2810 917 2874 ἤκουσε.
972 2814 1198 2862 Aristeas
1245 2830 1440 2876 quoque
1479 2815 1603 2862 dicit
1649 2830 1755 2876 cap.
1794 2816 1895 2862 173

335 2883 698 2947 ἠσπασὰμεθα
739 2927 748 2935 .
776 2927 784 2936 .
812 2926 822 2936 .
850 2926 859 2936 .
901 2885 985 2936 καὶ
1026 2927 1035 2936 .
1063 2927 1072 2936 .
1100 2927 1109 2936 .
1138 2928 1147 2938 .
1197 2885 1637 2949 ἀποδεδώκαμεν,
1685 2903 1791 2950 cap.
1827 2890 1896 2935 40
