2066 3146
943 83 1279 127 —XVI—

380 224 487 272 Hoc
527 240 679 271 unum
721 227 887 271 tamen
926 224 1127 285 quintus
1169 223 1385 271 decimus
1424 223 1508 272 ille
1547 239 1715 272 versus
1754 225 1959 285 indicat,

270 302 391 361 quot
430 298 683 345 columnae
731 298 989 344 minimum
1035 297 1163 344 inter
1205 297 1402 359 singula
1440 298 1722 360 fragmenta
1761 302 1957 346 servata

270 374 520 436 perierint.
599 371 727 432 quod
767 372 840 417 ita
880 371 1243 434 cognoscimus,
1290 373 1346 418 ut
1383 371 1436 418 in
1475 372 1783 419 antecedenti
1822 371 1956 435 frag·

269 450 436 493 mento
478 460 602 506 quae
651 445 834 506 legitur
881 443 1154 491 sententiae
1193 444 1387 492 litteras
1428 444 1488 492 ab
1529 447 1747 493 extrema
1786 446 1955 494 littera

268 521 466 568 servata
513 533 664 578 usque
714 518 777 565 ad
822 517 968 564 finem
1008 533 1341 572 numeremus,
1381 520 1431 566 et
1469 519 1520 565 in
1559 522 1782 581 proximo
1823 520 1955 582 frag-

268 596 434 641 mento
475 607 600 654 quae
641 595 713 638 est
753 591 1024 639 sententiae
1058 592 1249 640 litteras
1290 592 1351 638 ab
1390 593 1534 640 initio
1566 609 1720 655 usque
1753 594 1816 640 ad
1854 595 1958 655 pri—

269 683 400 714 mam
450 668 709 713 servatam.
796 681 911 712 nam
959 680 1069 712 cum
1115 666 1204 713 sub
1251 667 1459 730 singulis
1507 667 1744 714 columnis
1793 669 1956 728 spatio

268 739 599 788 intercedente
647 754 789 786 senae
838 739 991 786 denae
1038 739 1138 787 fere
1184 739 1380 787 litterae
1429 741 1641 801 scriptae
1681 741 1802 801 sint,
1840 741 1955 790 inde

269 816 610 862 columnarum
648 812 952 874 perditarum
986 829 1221 860 numerus
1253 814 1582 875 computando
1616 814 1745 862 effici
1776 817 1954 876 potest.

267 888 488 951 singulos
520 902 749 934 numeros
781 887 912 934 infra
943 887 1234 949 fragmentis
1268 887 1459 948 addam,
1499 903 1629 935 nunc
1668 888 1720 935 id
1758 891 1955 936 tantum

267 977 608 1021 commemoro,
649 963 769 1021 quot
809 961 1059 1008 columnas
1092 964 1200 1009 tota
1238 962 1358 1009 haec
1391 962 1662 1023 disputatio
1694 962 1955 1010 minimum

266 1036 386 1084 olim
435 1035 687 1097 complexa
733 1036 810 1083 sit.
889 1050 1001 1082 cum
1056 1035 1387 1098 quadraginta
1425 1038 1524 1083 tres
1572 1037 1828 1084 columnae
1876 1037 1955 1084 vel

265 1110 605 1158 columnarum
651 1109 894 1170 reliquiae
941 1111 1165 1157 servatae
1206 1110 1326 1170 sint,
1365 1109 1480 1170 plus
1521 1126 1671 1171 quam
1711 1112 1952 1172 quinqua-

268 1185 408 1247 ginta
448 1199 530 1231 sex
569 1182 820 1244 perierint,
861 1183 1085 1244 sequitur
1124 1186 1179 1230 ut
1218 1184 1331 1244 plus
1373 1186 1568 1231 centum
1609 1184 1847 1232 columnis
1879 1187 1954 1232 to-

265 1261 372 1306 tum
421 1257 709 1318 opusculum
757 1257 877 1304 olim
923 1257 1234 1319 complexum
1281 1259 1347 1305 sit
1381 1285 1448 1289 -—
1483 1257 1525 1305 si
1581 1258 1779 1319 quidem
1822 1262 1954 1306 recte

268 1333 523 1390 sumimus,
563 1331 831 1378 sententias
871 1347 1080 1392 quarum
1116 1331 1357 1393 reliquiae
1390 1334 1614 1379 servatae
1654 1334 1783 1392 sunt,
1822 1334 1954 1380 totas

266 1423 299 1453 a
337 1407 574 1466 scriptore
614 1420 716 1453 esse
757 1405 950 1453 allatas.

379 1479 433 1527 In
462 1479 746 1526 ordinandis
771 1479 1062 1541 fragmentis
1093 1479 1310 1541 physicis
1342 1481 1396 1526 in
1426 1481 1712 1527 universum
1743 1479 1956 1528 editores

266 1554 627 1602 recentissimos
669 1568 848 1614 sequor
889 1546 1116 1619 (excepta
1155 1555 1270 1601 sunt
1308 1554 1543 1601 nimirum
1580 1554 1691 1614 illa,
1731 1569 1861 1615 quae
1893 1552 1956 1600 ad

267 1628 655 1689 disputationem
688 1625 808 1687 περὶ
841 1623 1083 1687 ἀπειρίας
1109 1624 1329 1687 κόσμων
1360 1620 1646 1692 pertinent).
1688 1643 1803 1674 nam
1834 1627 1952 1675 Dio-

266 1718 439 1766 genem
488 1701 548 1748 ab
589 1701 842 1749 elementis
890 1717 1056 1749 orsum
1103 1701 1444 1763 deinde-quae
1485 1718 1542 1749 ex
1580 1702 1642 1748 iis
1683 1703 1956 1762 composita

268 1776 369 1824 sint
407 1777 697 1823 tractavisse
730 1768 852 1841 (quo
883 1777 1102 1837 pertinet
1133 1776 1286 1823 etiam
1315 1775 1488 1822 mundi
1519 1768 1809 1842 structura),
1844 1777 1955 1822 tum

269 1850 328 1897 de
373 1849 517 1896 rebus
563 1849 791 1896 humanis
839 1851 888 1896 et
935 1849 993 1897 de
1040 1850 1135 1897 diis
1184 1849 1340 1913 egisse
1386 1851 1435 1896 et
1482 1865 1539 1896 ex
1584 1851 1695 1911 ipsa
1736 1865 1789 1896 re
1830 1849 1953 1896 veri-

270 1924 429 1972 simile
476 1926 549 1970 est
597 1925 645 1970 et
693 1939 751 1970 ex
796 1922 1015 1971 Lucretii
1063 1923 1246 1972 ordine.
1332 1923 1663 1987 fragmentum
1707 1923 1772 1969 52
1807 1915 1954 1989 (VH)

214 2039 221 2042 .
268 1998 426 2045 solum
470 1997 566 2044 alio
606 1998 713 2044 1000
753 1997 911 2058 posui.

380 2072 493 2118 Non
538 2072 640 2118 iam
688 2071 903 2118 dubitari
942 2074 1128 2133 potest,
1170 2073 1288 2132 quin
1328 2072 1412 2118 frr.
1440 2072 1522 2132 57,
1550 2072 1616 2118 58
1645 2064 1757 2137 (II),
1789 2072 1855 2118 59
1884 2064 1956 2137 (Ι)

271 2160 464 2206 quoque
503 2147 706 2206 propter
750 2145 932 2207 lapidis
976 2145 1294 2194 altitudinem
1332 2160 1689 2207 numerumque
1728 2159 1956 2192 versuum

270 2219 384 2265 huic
423 2219 654 2280 physicae
687 2218 1014 2281 disputationi
1045 2219 1342 2267 vindicanda
1381 2222 1430 2266 et
1461 2220 1563 2266 eius
1595 2218 1956 2280 praefationem

271 2292 420 2339 fuisse
474 2293 694 2353 putanda
749 2293 862 2341 sint.
961 2310 1077 2341 nam
1139 2293 1270 2354 quod
1322 2293 1583 2354 Heberdey
1638 2295 1686 2339 et
1738 2291 1956 2340 Kalinka

272 2383 318 2427 p.
347 2367 452 2413 350
492 2366 676 2426 dicunt,
718 2369 823 2427 „ein
867 2365 1052 2428 Grund,
1095 2369 1189 2414 mit
1220 2367 1360 2428 jeder
1400 2366 1806 2414 Oolumnenreihe
1848 2365 1954 2412 eine

273 2456 393 2486 neue
436 2438 620 2486 Schrift
657 2440 900 2502 beginnen
950 2458 1006 2488 zu
1054 2442 1216 2488 lassen
1255 2441 1378 2502 liegt
1418 2441 1474 2502 ja
1517 2456 1608 2503 gar
1645 2441 1785 2487 nicht
1822 2437 1955 2501 vor“‚

273 2530 382 2561 cum
422 2530 509 2575 per
548 2528 598 2560 se
638 2529 734 2560 non
766 2515 1050 2562 incredibile
1083 2516 1163 2575 sit,
1201 2517 1370 2562 tamen
1408 2514 1608 2575 probari
1647 2529 1746 2561 non
1776 2515 1955 2574 potest,

274 2589 390 2648 quia
423 2587 601 2634 titulus
634 2587 777 2635 huius
810 2591 985 2650 scripti
1017 2582 1100 2654 (fr.
1129 2589 1195 2636 55
1224 2611 1278 2625 =
1302 2583 1468 2652 XXII)
1502 2588 1554 2634 in
1585 2587 1751 2649 lapide
1786 2588 1850 2634 61
1881 2601 1958 2633 0111

272 2661 376 2708 alto
422 2662 688 2721 inscriptus
741 2664 835 2720 est,
883 2662 935 2709 in
983 2663 1151 2710 eadem
1198 2661 1354 2725 igitur
1399 2661 1623 2722 lapidum
1678 2660 1802 2708 serie
1852 2663 1959 2707 erat

275 2737 422 2794 atque
462 2736 623 2782 cetera
661 2734 942 2797 fragmenta
993 2736 1166 2784 ethica.
1243 2735 1413 2798 itaque
1452 2735 1696 2797 praefatio
1735 2750 1834 2782 non
1874 2749 1960 2796 po-

274 2808 373 2854 tuit
418 2809 469 2854 in
518 2808 765 2868 superiore
813 2810 936 2856 serie
978 2812 1162 2871 scripta
1203 2825 1318 2858 esse.
1398 2807 1584 2857 accedit
1624 2807 1755 2868 quod
1792 2807 1852 2856 fr.
1888 2808 1951 2855 61

275 2873 485 2946 (XXIV)
525 2881 653 2928 idem
693 2882 792 2928 fere
833 2881 1015 2944 legitur
1054 2887 1203 2944 atque
1234 2885 1293 2932 fr.
1324 2884 1388 2930 58
1416 2875 1527 2949 (II).
1583 2881 1752 2943 qualia
1791 2883 1957 2930 autem
