2066 3146
870 127 1207 170 —XL1—

322 268 481 315 altera
541 268 805 315 secmzdmn
858 268 1047 327 aliquid
1108 271 1218 315 orta
1272 282 1375 315 esse
1429 267 1626 315 videtur
1688 269 1737 314 et
1786 267 1886 314 iam

322 342 455 404 apud
502 341 840 403 Thucydidem
887 342 1060 401 semel,
1107 342 1238 403 apud
1286 344 1506 389 oratores
1553 341 1748 388 Atticos
1797 341 1886 387 ali-

320 416 514 477 quoties
567 417 836 475 invenitur,
899 416 983 462 cfr.
1037 413 1432 463 Kiihner-Gerth
1490 415 1577 463 Gr.
1620 415 1707 463 Gr.
1754 413 1805 461 II
1856 418 1881 460 1

320 507 367 551 p.
395 490 514 537 513.
594 491 670 536 sin
717 492 885 537 autem
931 490 984 536 in
1028 490 1124 536 tali
1170 491 1416 537 sententia
1464 489 1626 550 qualis
1674 492 1749 536 est
1791 489 1883 536 De-

320 563 627 611 mosthenica
673 563 763 610 illa
812 556 892 629 (4,
929 558 1043 629 11):
1092 560 1221 612 οὐδὲ
1268 559 1430 623 οὗτος
1471 560 1617 623 παρὰ
1656 561 1752 622 τὴν
1794 558 1885 610 αὑ-

322 636 417 685 τοῦ
478 632 660 697 ῥώμην
719 637 988 685 τοσοῦτον
1053 633 1339 697 ἐπηύξηται
1395 633 1533 686 ὅσον
1587 634 1733 697 παρὰ
1789 634 1886 696 τὴν

318 707 581 771 ἡμετέραν
630 707 880 771 ἀμέλειαν
934 727 1033 759 non
1084 711 1213 758 actio
1266 712 1368 759 sive
1422 714 1603 759 natura
1656 710 1886 769 hominis,

320 801 408 846 per
453 801 604 846 quam
644 785 836 846 aliquid
874 786 952 846 fit,
993 784 1077 832 sed
1114 785 1262 834 homo
1302 787 1408 847 ipse
1448 785 1750 844 nominatur,
1791 786 1885 833 ori·
1973 803 1977 805 ·

317 862 402 906 tur
434 859 676 908 eiusmodi
708 859 948 907 orationis
979 860 1166 907 forma:
1206 856 1335 908 οὐδὲ
1367 855 1529 920 οὗτος
1562 856 1685 919 παρ’
1721 855 1886 906 αὑτὸν

321 932 590 981 τοσοῦτον
640 929 926 994 ἐπηύξηται
974 929 1112 982 ὅσον
1160 929 1283 993 παρ’
1323 929 1475 994 ἡμᾶς.
1555 949 1655 995 qua
1692 934 1885 981 ratione

317 1007 622 1068 praepositio
654 1007 743 1054 illa
776 1007 1002 1055 adhibita
1041 1010 1117 1055 est
1154 1009 1207 1055 in
1239 1007 1443 1069 Epicuri
1482 1007 1696 1069 epistula
1734 1008 1885 1054 tertia

321 1080 352 1142 ἓ
382 1083 485 1128 134
525 1075 631 1147 (Us.
665 1098 712 1143 p.
742 1083 825 1142 65,
854 1075 931 1148 9):
970 1077 1040 1145 <ἃ
1082 1080 1176 1141 μὲν
1209 1079 1310 1143 γὰρ
1345 1078 1524 1130 αὐτῶν
1564 1077 1680 1130 κατ’
1722 1077 1884 1138 ἀνάγ-

317 1169 415 1214 κην
456 1152 698 1212 γίνεσθαι
738 1151 987 1218 νομίζει,>
1039 1151 1072 1202 ἃ
1113 1154 1172 1204 δὲ
1212 1152 1320 1204 ἀπὸ
1360 1153 1545 1216 τύχης,
1589 1152 1622 1202 ἃ
1662 1154 1721 1204 δὲ
1761 1151 1884 1215 παρ’

316 1225 457 1289 ἡμᾶς
505 1231 555 1276 et
592 1231 646 1276 in
685 1230 885 1277 Aristea
931 1229 962 1290 ξ
998 1230 1127 1277 224:
1174 1228 1259 1278 καὶ
1298 1226 1477 1290 οὐδεὶς
1525 1226 1647 1290 παρ’
1691 1226 1886 1278 ἑαυτόν

320 1299 434 1351 ἐστι
484 1300 756 1364 βασιλεύς,
808 1320 933 1365 quae
980 1304 1177 1365 proprie
1224 1304 1366 1352 nobis
1412 1305 1592 1364 iwfolye
1645 1318 1739 1351 von
1791 1318 1886 1351 uns

318 1377 486 1437 (sich),
540 1391 634 1424 von
686 1392 781 1424 uns
833 1378 977 1437 (sich)
1032 1393 1123 1425 aus
1176 1378 1511 1441 intellegenda
1558 1380 1686 1425 sunt.
1778 1381 1885 1425 tum

315 1452 561 1499 formulae
606 1453 767 1499 instar
805 1452 958 1499 verba
1005 1451 1387 1512 adhibebantur,
1428 1468 1486 1498 ex
1525 1452 1707 1512 crebro,
1746 1455 1885 1514 puto,

318 1541 410 1572 usu
464 1526 894 1587 philosophorum,
940 1527 1152 1574 fortasse
1206 1527 1584 1588 Epicureorum,
1640 1528 1730 1587 qui
1782 1526 1884 1573 illis

316 1599 480 1647 verbis
515 1599 702 1661 aliquid
735 1599 892 1648 libera
923 1601 1180 1648 voluntate
1212 1600 1321 1648 fieri
1351 1599 1710 1664 significabant.
1765 1601 1883 1663 Epi-

316 1688 462 1722 curus
502 1675 634 1740 enim
673 1675 780 1735 ipse
818 1674 981 1722 verbis
1020 1671 1144 1734 παρ’
1177 1671 1315 1735 ἡμᾶς
1356 1674 1502 1735 quasi
1540 1675 1758 1722 formula
1788 1675 1885 1722 uti-

315 1750 400 1795 tur
437 1748 589 1810 paulo
629 1752 744 1809 post
776 1748 939 1810 verba,
981 1764 1106 1809 quae
1145 1749 1291 1796 modo
1332 1751 1487 1796 citata
1526 1751 1655 1809 sunt,
1695 1745 1782 1796 διὰ
1822 1746 1884 1796 τὸ

315 1820 414 1881 τὴν
455 1821 550 1882 μὲν
593 1818 830 1882 ἀνάγκην
872 1819 1244 1871 ἀνυπεύθυνον
1287 1818 1442 1881 εἶναι,
1483 1820 1579 1882 τὴν
1620 1821 1679 1871 δὲ
1719 1819 1884 1882 τύχην

320 1892 560 1944 ἄστατον
601 1893 750 1956 ὁρᾶν,
791 1894 853 1944 τὸ
895 1895 954 1944 δὲ
993 1893 1119 1957 παρ>
1150 1893 1289 1957 ἡμᾶς
1324 1890 1647 1954 ἀδέσποτον,
1689 1899 1739 1943 et
1769 1896 1883 1944 Plu-

316 1970 518 2018 tarchus
567 1969 764 2026 Quaest.
813 1985 951 2018 conv.
1003 1988 1050 2033 p.
1087 1973 1114 2018 7
1124 1973 1231 2019 22e
1280 1971 1403 2019 dicit
1449 1967 1558 2031 ἔχει
1606 1968 1665 2019 δέ
1713 1985 1760 2018 τι
1801 1969 1885 2018 καὶ

318 2040 380 2091 τὸ
420 2040 542 2104 παρ’
583 2040 721 2104 ἡμᾶς
763 2040 954 2102 αἴτιον,
1005 2059 1053 2092 es
1089 2045 1174 2093 hat
1211 2047 1335 2093 auch
1373 2047 1478 2105 dae,
1518 2060 1621 2093 was
1659 2059 1752 2092 von
1790 2060 1885 2093 uns

317 2133 411 2165 aus
457 2118 711 2178 yeschoe'cht,
766 2121 911 2167 etwas
963 2117 1144 2166 Schuld
1196 2120 1371 2167 daran.
1461 2135 1587 2180 quae
1640 2119 1884 2166 formulae

318 2191 528 2240 articulo
561 2195 828 2253 praeeunte
861 2192 1084 2240 adverbii
1113 2193 1272 2240 instar
1303 2193 1599 2240 adhibentur
1629 2194 1751 2241 locis
1783 2194 1885 2241 illis

317 2281 441 2326 quos
479 2265 626 2313 initio
666 2265 820 2314 citavi
849 2267 889 2314 E
897 2268 1011 2328 pict.
1045 2266 1095 2313 Π
1123 2268 1169 2327 2,
1199 2269 1267 2315 20
1306 2267 1438 2315 Plut.
1464 2283 1554 2315 scr.
1578 2283 1698 2315 mor.
1726 2268 1830 2315 566
1843 2283 1883 2327 e,

322 2341 460 2387 1071
475 2355 527 2399 a,
566 2339 652 2387 ubi
690 2340 841 2387 verba
880 2337 1003 2401 παρ>
1046 2337 1211 2389 αὑτόν
1250 2357 1423 2389 revera
1462 2341 1744 2405 significant
1781 2357 1884 2390 was

269 2449 272 2451 -
317 2427 411 2460 von
456 2416 553 2462 ‘mir
599 2429 692 2461 aus
734 2415 992 2474 yesckehen
1037 2416 1191 2475 kann,
1247 2431 1549 2477 quamquam
1595 2431 1750 2477 prope
1804 2431 1882 2464 ac-

314 2487 497 2535 cedunt
545 2487 608 2535 ad
655 2488 867 2535 similem
919 2489 1186 2536 formulam
1240 2489 1384 2537 valde
1431 2490 1671 2537 usitatam
1718 2487 1779 2537 τὸ
1827 2486 1883 2546 γ’

319 2558 406 2623 ἐφ’
445 2558 568 2623 ἡμῖν
601 2562 747 2610 εουιῗεῑ
780 2563 851 2610 bei
889 2578 984 2610 uns
1014 2563 1146 2610 steht.
1202 2563 1373 2611 eadem
1403 2565 1597 2611 ratione
1629 2563 1882 2611 Plutarchi

316 2651 515 2697 quoque
554 2635 705 2684 verba
742 2635 801 2684 de
834 2635 983 2683 Stoic.
1017 2652 1191 2684 comm.
1223 2639 1324 2684 not.
1361 2640 1543 2686 1071a
1576 2654 1701 2699 quae
1733 2653 1883 2700 supra

316 2713 591 2758 memorata
640 2713 759 2758 sunt
808 2707 985 2758 πάντα
1034 2708 1101 2758 τὰ
1162 2708 1286 2771 παρ’
1350 2708 1546 2760 ἑαυτὸν
1610 2711 1782 2760 ποιεῖν
1834 2716 1886 2758 et

318 2782 570 2847 Diogenis,
596 2800 723 2846 quae
749 2784 894 2832 huius
920 2784 1237 2847 digressionis
1262 2801 1410 2834 causa
1440 2786 1658 2846 fuerunt,
1688 2785 1882 2833 intelle·

318 2858 481 2919 genda
513 2862 645 2906 sunt,
701 2859 871 2920 itaque
912 2858 1044 2919 quod
1082 2859 1268 2921 legitur
1306 2858 1435 2907 Plut.
1463 2874 1550 2907 scr.
1577 2875 1696 2907 mor.
1726 2859 1883 2907 222f:

318 2928 383 2978 οὐ
424 2928 547 2992 πὰρ’
590 2927 685 2980 ἕνα
724 2929 791 2980 τὰ
830 2928 1105 2992 Σπάρτας,
1146 2933 1189 2980 si
1227 2935 1424 2995 proprie
1464 2934 1631 2993 vertis,
1670 2947 1768 2980 non
1808 2938 1883 2981 est
