2066 3146
887 115 1203 158 —XX-

208 265 258 308 et
290 260 627 308 columnarum
653 257 716 304 ad
744 256 1133 317 disputationem
1157 255 1216 301 de
1249 257 1501 302 senectute
1533 255 1893 316 pertinentium

206 331 525 381 continebant
571 324 679 391 (cfr.
728 331 812 376 frr.
849 331 875 375 1.
913 323 1170 392 [LXVII],
1221 331 1249 375 6
1286 323 1519 391 [LXXIII
1561 329 1648 375 col.
1675 329 1699 375 I
1738 328 1893 387 1—5‚

206 409 297 456 col.
315 406 367 453 II
388 400 568 468 1-5],
590 406 617 451 7
640 399 821 467 [LXXI
837 403 927 450 col.
944 402 970 448 I
992 403 1147 462 1—5,
1165 402 1255 449 col.
1271 402 1324 448 II
1343 397 1525 466 1—5]‚
1545 404 1573 449 9
1594 395 1893 468 [LXVIIID.

203 481 326 529 haec
364 481 519 542 igitur
563 491 679 540 pars
727 493 783 524 ex
823 478 931 523 tota
975 476 1169 536 reliqua
1206 476 1528 538 inscriptione
1567 475 1894 538 prominebat.

205 555 436 602 Fortasse
476 552 698 613 scriptor,
741 566 849 597 cum
889 550 1217 611 epistularum
1249 550 1446 598 litterae
1478 552 1691 598 minores
1733 553 1896 598 essent

207 645 356 690 quam
395 630 452 673 ut
497 627 639 673 tanta
678 626 731 671 in
770 623 1034 670 altitudine
1078 625 1208 671 muri
1247 625 1460 685 scriptae
1499 626 1756 685 perspicue
1795 624 1895 687 legi

208 704 422 764 possent,
462 715 643 747 novam
691 699 751 746 de
790 700 1038 746 senectute
1080 697 1467 759 disputationem
1507 698 1774 746 maioribus
1814 698 1894 745 lit-

205 778 325 824 teris
373 777 421 822 et
468 774 707 821 columnis
753 771 956 819 inscribi
1002 773 1170 831 iussit,
1218 774 1273 819 ut
1321 773 1473 819 etiam
1528 788 1677 833 supra
1731 774 1898 833 posita

207 852 330 897 serie
371 848 592 909 lapidum
634 846 773 893 abuti
812 859 1006 893 necesse
1045 847 1184 894 esset.

924 1109 1085 1173 Caput
1115 1112 1180 1159 II.

566 1232 645 1277 De
686 1230 1063 1291 epistulaad
1102 1232 1350 1277 matrem
1390 1230 1544 1278 data.

321 1365 621 1427 Fragmenta
650 1363 815 1410 LXIII
848 1366 897 1410 et
935 1361 1095 1410 LXIV
1129 1357 1275 1430 (Heb.
1310 1365 1360 1410 et
1390 1363 1500 1411 Kal.
1528 1358 1771 1430 21-24)
1803 1379 1901 1412 non

212 1439 317 1487 sine
351 1453 497 1486 causa
532 1453 721 1485 summo
754 1440 923 1486 nostro
956 1437 1120 1485 studio
1153 1437 1304 1500 digna
1334 1437 1590 1485 habentur.
1648 1439 1903 1486 continent

210 1515 343 1561 enim
391 1513 677 1574 epistulam,
726 1528 877 1572 quam
931 1527 1030 1558 non
1077 1511 1138 1558 ab
1185 1511 1399 1574 ignobili.
1441 1511 1660 1572 homine,
1708 1512 1792 1559 sed
1839 1511 1901 1560 ab

210 1587 318 1649 ipso
351 1587 568 1647 Epicuro
602 1587 838 1647 scriptam
871 1600 973 1633 esse
1007 1602 1034 1632 a
1067 1585 1186 1633 viris
1218 1585 1376 1634 doctis
1410 1585 1698 1633 affirmatur.
1739 1587 1901 1635 acrius

211 1662 365 1724 igitur
403 1660 710 1722 inspicienda
757 1662 885 1708 sunt.
964 1675 1021 1708 ac
1066 1660 1279 1721 primum
1323 1660 1520 1720 quidem
1560 1675 1754 1719 causas,
1794 1661 1902 1721 qui-

210 1735 303 1782 bus
354 1735 451 1782 viri
501 1735 633 1782 docti
685 1734 890 1782 adducti
939 1735 1060 1794 sint,
1107 1736 1163 1781 ut
1203 1734 1417 1796 Epicuro
1462 1734 1590 1781 hanc
1637 1734 1903 1796 epistulam

213 1809 557 1869 attribuerent,
590 1808 967 1856 consideremus.
1024 1806 1206 1856 Cousin
1236 1798 1292 1870 pJ
1312 1808 1378 1854 68
1399 1824 1469 1869 sq.
1502 1808 1578 1855 his
1611 1808 1902 1871 fragmentis

213 1885 262 1930 et
315 1883 446 1942 aliis,
497 1898 623 1943 quae
671 1899 799 1929 nunc
847 1882 910 1929 ab
958 1882 1227 1930 editoribus
1275 1882 1624 1930 recentissimis
1670 1884 1802 1929 recte
1851 1882 1905 1929 in

213 1973 364 2003 unum
414 1957 471 2003 de
519 1959 769 2004 senectute
817 1956 1039 2003 libellum
1088 1956 1437 2018 comprehensa
1483 1958 1620 2016 sunt,
1661 1972 1691 2003 a
1730 1957 1904 2003 ceteris

214 2032 501 2094 segregatis,
542 2031 672 2092 quod
712 2031 911 2078 altiores
951 2031 1135 2078 habent
1165 2031 1447 2077 litterarum
1479 2029 1669 2090 ductus,
1710 2045 1768 2077 ac
1806 2045 1905 2077 non

214 2106 315 2151 iam
371 2104 637 2165 Antipater
691 2104 774 2152 sed
815 2106 974 2152 mater
1014 2105 1074 2152 ab
1123 2120 1179 2152 eo
1232 2106 1317 2165 qui
1367 2104 1566 2166 scripsit
1621 2104 1907 2166 appellatur

215 2180 406 2230 (omnia
458 2180 587 2225 enim
639 2181 802 2226 cetera
851 2179 1133 2242 fragmenta
1183 2179 1332 2238 falso,
1383 2180 1443 2225 ut
1492 2193 1621 2225 nunc
1669 2178 1905 2236 videmus,

216 2251 460 2313 epistulae
499 2252 561 2299 ad
601 2252 924 2313 Antipatrum
963 2252 1107 2300 datae
1146 2246 1394 2319 inseruit),
1432 2252 1485 2299 in
1517 2252 1593 2298 his
1632 2251 1906 2313 simplicius

217 2330 267 2372 et
307 2326 486 2373 clarius
527 2341 630 2373 esse
671 2326 863 2374 dicendi
902 2341 1056 2389 genus
1096 2328 1261 2374 censet
1308 2328 1358 2373 et
1396 2326 1608 2373 formam
1646 2321 1903 2386 ὑφειστή-

217 2408 383 2446 κεσαν
424 2392 505 2463 (fr.
531 2399 694 2446 LXIII
736 2395 880 2464 [Heb.
906 2402 955 2447 et
978 2399 1089 2446 Kal.
1116 2398 1206 2462 21]
1249 2400 1340 2448 col.
1363 2399 1416 2447 H
1447 2416 1491 2447 v.
1519 2392 1574 2466 9)
1607 2401 1660 2446 in
1692 2402 1906 2447 aetatem

217 2474 375 2520 multo
426 2474 756 2534 antiquiorem
805 2490 953 2535 quam
1001 2490 1099 2536 qua
1137 2474 1316 2522 vixerit
1355 2474 1601 2537 Diogenes
1641 2488 1729 2521 nos
1767 2489 1905 2521 revo-

219 2563 328 2593 care
369 2548 560 2594 statuit.
638 2563 765 2608 quae
814 2563 924 2595 cum
970 2549 1045 2595 ita
1090 2550 1191 2597 sint
1230 2550 1279 2595 et
1318 2563 1428 2595 cum
1466 2547 1587 2594 haec
1627 2547 1906 2610 fragmenta

220 2620 388 2666 eodem
429 2620 534 2667 loco
575 2623 723 2682 atque
764 2624 928 2668 cetera
966 2623 1171 2669 inventa
1210 2622 1370 2670 simile
1405 2621 1621 2669 habeant
1658 2622 1721 2668 iis
1762 2636 1907 2683 argu-

221 2696 442 2741 mentum
484 2696 531 2740 et
570 2694 695 2742 hanc
734 2695 794 2741 ob
836 2710 1032 2743 causam
1068 2697 1187 2757 quin
1226 2696 1279 2743 in
1318 2695 1488 2743 eodem
1517 2695 1706 2742 fuerint
1735 2710 1907 2741 monu-

221 2770 387 2814 mento
422 2767 640 2814 dubitari
671 2783 768 2815 non
799 2770 971 2830 possit,
1003 2769 1296 2816 credendum
1328 2784 1431 2817 esse
1463 2769 1604 2816 nobis
1635 2768 1908 2830 Diogenem

221 2841 460 2903 praesidis
510 2841 716 2889 alicuius
765 2842 959 2890 scholae
999 2843 1273 2904 Epicureae
1314 2843 1580 2904 epistulam
1626 2841 1907 2902 producere,

221 2917 281 2961 ut
329 2915 515 2962 scilicet
562 2930 684 2974 quas
731 2916 836 2976 ipse
883 2917 1106 2977 proferat
1153 2917 1422 2964 sententias
1468 2917 1627 2979 magis
1668 2915 1907 2963 stabiliat.
