2066 3146
3 3003 17 3141 raneos-‘t
5 2974 14 2998 τ’·

785 119 836 125 -
899 91 1163 135 ΧΧΙΧ-

243 236 375 284 Satis
412 235 570 297 igitur
607 233 767 280 multa
805 232 881 280 his
921 235 1148 294 quamvis
1187 235 1376 296 exiguis
1408 234 1700 297 fragmentis
1739 236 1819 282 in-

124 313 246 360 sunt
284 308 527 357 vocabula
572 307 651 353 vel
698 309 974 354 structurae
1023 307 1100 354 vel
1146 306 1342 356 dicendi
1386 308 1651 369 formulae,
1692 324 1817 370 quae

129 400 289 447 neque
326 384 379 430 in
411 382 608 442 scriptis
640 380 843 442 Epicuri
882 380 1200 428 inveniantur
1229 397 1388 443 neque
1421 382 1620 430 omnino
1653 385 1817 430 aetate

131 458 337 521 Epicuri
382 456 622 516 usurpata
667 453 865 502 fuerint.
944 454 1028 502 sed
1074 455 1346 502 cavendum
1393 460 1488 517 est,
1535 473 1595 503 ne
1634 460 1818 504 temere

130 536 184 581 et
219 530 581 580 inconsiderate
620 528 1011 591 progrediamur.
1088 545 1203 576 nam
1243 544 1351 576 cum
1393 531 1537 578 huius
1577 531 1819 592 epistulae

134 610 384 654 auctorem
430 603 627 666 vulgari
674 618 894 650 sermone
940 602 1015 650 uti
1061 603 1335 664 videamus,
1383 620 1511 651 nunc
1552 605 1821 666 quaeritur,

130 696 260 743 quae
291 679 420 726 ratio
445 677 662 738 Epicuro
696 691 806 723 cum
830 677 1027 739 vulgari
1058 692 1278 725 sermone
1309 678 1598 728 intercedat.
1641 695 1739 740 qua
1763 679 1821 726 de

131 772 186 803 re
208 768 374 815 nuper
405 751 637 799 disseruit
675 749 727 797 P.
753 749 909 797 Linde
946 750 1003 798 de
1034 751 1243 810 Epicuri
1272 752 1518 800 vocabulis
1548 754 1610 800 ab
1642 755 1823 814 optima

134 828 331 876 Atthide
362 826 536 874 alienis
569 818 797 890 (Vratisl.
828 818 1009 891 1906),
1050 826 1136 886 qui
1165 826 1301 873 illius
1333 826 1590 875 verborum
1625 827 1823 889 suppel-

132 903 300 951 lectile
325 917 438 948 cum
466 900 578 947 aliis
609 899 810 962 linguae
835 897 1050 946 Graecae
1081 899 1379 948 testimoniis
1412 901 1597 948 collata
1627 903 1827 962 praeter

133 978 238 1024 alia
283 976 375 1022 hoc
421 973 683 1036 praecipue
729 972 1054 1033 demonstrat,
1102 973 1245 1020 illum
1289 975 1449 1022 multa
1488 975 1728 1023 vocabula
1768 991 1825 1022 ex

136 1050 286 1114 κοινῇ
319 1048 531 1096 dialecto
563 1048 875 1094 haurientem
899 1046 1116 1094 medium
1148 1049 1248 1095 fere
1271 1049 1403 1096 inter
1425 1048 1745 1097 Aristotelem
1778 1051 1827 1097 et

135 1123 402 1186 Polybium
434 1123 599 1170 locum
630 1121 851 1169 obtinere
886 1113 958 1186 (p.
993 1115 1102 1187 54).
1152 1122 1323 1183 itaque
1355 1122 1487 1184 quod
1517 1125 1569 1170 in
1600 1124 1692 1171 hac
1724 1125 1827 1185 epi-

134 1199 272 1247 stula
317 1212 417 1244 non
469 1210 632 1258 pauca
683 1195 903 1258 vulgaris
957 1197 1196 1243 sermonis
1258 1197 1482 1258 exempla
1534 1199 1829 1257 invenimus,

136 1288 265 1335 quae
311 1273 364 1318 in
401 1269 608 1333 Epicuri
654 1270 851 1330 scriptis
889 1285 989 1317 non
1026 1270 1284 1333 leguntur,
1323 1271 1416 1318 hoc
1457 1271 1655 1332 quidem
1695 1274 1828 1319 certo

136 1344 467 1394 demonstrari
514 1360 612 1391 non
662 1346 847 1405 potest,
896 1358 1004 1390 eam
1051 1343 1112 1391 ab
1161 1344 1375 1406 Epicuro
1438 1346 1651 1393 alienam
1710 1361 1830 1406 esse,

137 1422 280 1469 cuius
325 1435 502 1481 parum
547 1418 707 1464 multa
755 1418 1049 1465 documenta
1094 1418 1234 1466 nobis
1276 1419 1465 1466 tradita
1505 1422 1640 1479 sunt,
1681 1435 1829 1481 quam

140 1498 199 1542 ut
244 1495 337 1541 hoc
376 1493 456 1540 vel
494 1492 617 1538 illud
648 1484 962 1539 'vocabulum
1013 1491 1072 1538 ab
1132 1508 1187 1540 eo
1235 1495 1369 1540 certa
1414 1493 1509 1540 fide
1558 1493 1834 1542 abiudicari

139 1569 312 1631 possit.
388 1567 500 1629 plus
548 1571 715 1613 tamen
762 1566 897 1612 valet
942 1582 1150 1629 magnus
1196 1582 1286 1628 pro
1333 1569 1437 1614 tam
1484 1569 1660 1631 exiguo
1700 1569 1832 1631 frag-

140 1644 308 1690 mento
347 1642 628 1704 vulgarium
668 1642 718 1687 et
755 1641 1027 1687 recentium
1057 1656 1234 1688 vocum
1265 1657 1511 1703 numerus,
1551 1658 1649 1703 quo
1688 1642 1832 1690 nimi-

139 1733 251 1764 rum
308 1715 554 1762 dubitatio
610 1716 858 1773 movetur,
920 1731 1039 1761 num
1095 1715 1336 1777 epistulae
1399 1718 1649 1764 auctorem
1703 1717 1834 1764 inter

140 1790 464 1838 Aristotelem
505 1792 555 1836 et
592 1788 853 1850 Polybium
893 1803 1073 1849 ponere
1112 1789 1372 1850 possimus.
1430 1791 1635 1837 maximi
1667 1794 1834 1838 autem

141 1864 374 1927 ponderis
415 1865 503 1923 est,
542 1863 585 1911 si
624 1865 757 1910 recte
795 1861 1026 1922 iudicavi,
1066 1863 1198 1924 quod
1231 1864 1348 1911 huic
1386 1865 1666 1928 fragmento
1704 1866 1834 1912 inest

143 1955 239 1986 vox
287 1954 343 1985 ex
391 1936 667 1985 Stoicorum
715 1935 913 1984 officina
960 1939 1083 1985 orta.
1160 1939 1330 1999 itaque
1380 1939 1521 1986 nulla
1560 1941 1634 1986 est
1673 1954 1836 1998 causa,

144 2029 232 2060 cur
269 2012 390 2059 haec
430 2010 643 2072 epistula
681 2010 759 2058 illi
798 2010 1116 2058 attribuatur.

261 2085 356 2132 Sed
395 2086 546 2132 etiam
594 2087 942 2146 argumentum
980 2085 1223 2145 epistulae
1270 2102 1368 2133 non
1410 2087 1530 2133 satis
1571 2102 1836 2149 congruere

146 2160 344 2208 videtur
382 2160 460 2219 iis,
501 2174 627 2220 quae
667 2158 725 2206 de
756 2157 1046 2220 parentibus
1077 2159 1284 2220 Epicuri
1314 2159 1455 2207 nobis
1488 2161 1676 2208 tradita
1708 2163 1837 2208 sunt.

147 2250 264 2282 nam
305 2233 546 2295 epistulae
588 2235 761 2280 auctor
806 2232 979 2280 scribit
1025 2232 1083 2280 fr.
1124 2231 1285 2280 LXIV
1318 2227 1465 2298 (Heb.
1506 2236 1554 2282 et
1593 2234 1704 2283 Kal.
1745 2227 1837 2300 23)

143 2309 239 2355 col.
266 2308 315 2354 II
355 2324 398 2354 v.
430 2309 455 2354 1
478 2322 583 2368 sqq.
625 2309 674 2354 et
714 2306 804 2354 col.
829 2305 906 2354 III
937 2299 1084 2373 (Heb.
1126 2309 1176 2355 et
1214 2307 1324 2355 Kal.
1366 2308 1423 2355 fr.
1453 2302 1545 2373 24)
1592 2326 1638 2357 v.
1682 2312 1710 2356 2
1732 2325 1837 2371 sqq.

148 2382 242 2431 sibi
289 2383 529 2443 perpetuo
578 2374 872 2446 (συνεχῶς)
921 2397 949 2428 a
1003 2385 1160 2429 matre
1215 2386 1265 2429 et
1313 2399 1342 2429 a
1386 2384 1528 2444 patre
1576 2384 1840 2445 pecuniam

149 2452 298 2503 mitti.
386 2455 470 2502 sed
518 2454 723 2517 Epicuri
768 2457 998 2516 parentes
1044 2472 1163 2502 num
1217 2457 1372 2504 tantis
1419 2456 1594 2518 opibus
1640 2459 1840 2517 fuerint,

150 2530 294 2578 valde
342 2529 560 2576 dubitari
606 2531 784 2591 potest.
881 2529 1118 2592 Diogenis
1170 2530 1368 2590 quidem
1414 2530 1604 2578 Laertii
1651 2525 1742 2598 (X,
1782 2525 1840 2597 4)

150 2603 362 2652 testibus
402 2605 443 2651 si
482 2602 627 2650 fidem
652 2602 903 2663 habemus,
935 2602 1178 2664 Epicurus
1219 2606 1268 2652 et
1299 2606 1493 2666 patrem
1531 2620 1621 2666 pro
1662 2607 1841 2667 exigua

151 2678 371 2726 mercede
412 2693 588 2739 pueros
628 2677 883 2725 docentem
925 2679 974 2725 et
1004 2679 1214 2725 matrem
1246 2676 1550 2738 καθαρμοὺς
1584 2682 1838 2726 canentem

153 2751 434 2812 adiavabat,
474 2755 531 2798 ut
569 2767 805 2812 perquam
840 2752 1069 2799 miseram
1110 2753 1261 2799 fuisse
1293 2755 1558 2814 parentum
1599 2753 1840 2800 condicio·
1873 2751 1877 2755 ’

152 2842 262 2874 nem
305 2827 535 2888 cognosci
573 2825 743 2886 possit.

264 2899 443 2961 Itaque
480 2899 601 2947 haec
642 2900 856 2960 epistula
903 2915 1013 2947 cum
1054 2899 1115 2947 ab
1147 2900 1361 2961 Epicuro
1401 2901 1586 2963 scripta
1624 2916 1723 2949 non
1762 2903 1843 2961 sit,
