2066 3146
0 0 157 61 ,ΡΥ-’7

0 69 9 90 '
741 108 1110 159 -77—

14 259 22 263 ·
83 240 165 284 cfr.
200 238 292 284 Cic.
325 238 356 284 l.
390 253 427 284 0.
461 243 485 292 ξ
511 243 566 282 35
613 253 691 297 eqo
730 244 880 283 autem
911 252 1006 282 ‘non
1044 239 1273 295 intelleyo,
1320 251 1407 293 quo
1446 239 1576 282 modo
1622 241 1770 283 calore

81 300 278 344 eaetincto
324 312 514 355 corpora
561 299 806 350 inter-,eant
859 311 949 340 noaz
997 300 1223 342 intereant
1275 310 1428 340 umore
1475 303 1558 341 aut
1600 299 1771 353 spiritu

82 360 262 411 amisso,
285 358 556 413 praesertim
580 371 682 401 cum
705 358 989 401 intereant
1020 358 1155 400 etiam
1181 356 1354 399 ‘nimio
1385 357 1569 400 calore
1608 359 1770 401 contra

82 431 158 462 eos
189 416 420 470 locutum,
451 414 534 470 qui
563 429 647 471 per
677 416 866 471 igneam
894 415 990 458 vim
1022 414 1244 459 animalia
1275 413 1429 459 vivere
1461 414 1634 459 volunt.

199 476 267 520 fr.
293 475 361 520 VI
405 474 489 518 col.
515 475 549 518 I.
613 476 670 518 de
709 475 893 519 infinito
931 474 1084 530 spatio
1125 474 1203 531 agi
1242 473 1469 530 reliquiae
1506 474 1771 519 litterarum

79 534 288 579 indicare
326 533 443 576 mihi
480 534 710 578 videntur.
781 533 861 576 cfr.
903 534 1033 577 Lucr.
1070 534 1090 576 I
1135 549 1176 577 v.
1204 537 1289 576 968
1306 547 1405 590 sqq.
1446 540 1685 590 praeterea
1730 536 1773 579 si

82 596 177 639 iam
214 595 398 650 finitum
436 595 742 637 constituatur
781 607 909 638 omne
948 594 1067 649 quod
1105 599 1169 637 est
1197 593 1419 649 spatium,
1462 595 1504 637 si
1534 595 1636 650 quis
1659 609 1770 650 pro-

80 659 237 698 cwrrat
274 653 337 697 ad
375 666 481 696 oras
525 653 713 696 ultimas
760 658 980 696 eoetremas
1025 653 1253 708 iaciatque
1295 653 1476 697 volatile
1522 654 1673 708 telum,
1720 654 1772 697 id

79 714 249 757 validis
293 717 447 756 utrum
494 717 745 756 contortum
787 713 963 756 viribus
999 713 1066 755 ire
1106 725 1192 768 quo
1229 711 1375 765 fuerit
1409 714 1595 756 missum
1627 715 1773 758 mavis

80 773 293 829 lonyeque
308 771 473 824 volare,
491 786 554 815 an
566 772 801 826 prohibere
818 772 997 827 aliquid
1009 785 1157 815 censes
1172 772 1432 826 obstareque
1449 771 1612 827 posse?
1629 785 1666 815 e.
1679 787 1722 828 q.
1735 788 1769 816 8.

79 845 173 883 11011
212 829 359 888 igitur
395 830 474 873 hic
514 831 674 874 contra
706 830 885 874 Stoicos
919 829 1187 886 disputatur
1217 830 1360 886 (quod
1388 829 1566 875 Usener
1600 833 1772 888 putat),

82 904 366 946 quamquam
396 888 452 933 fr.
477 890 519 933 V
552 889 636 934 col.
663 889 705 932 II
731 894 753 932 7
792 892 900 932 ante
933 889 1250 933 Democritum
1282 888 1426 933 Stoici
1457 890 1771 934 nominantur.

82 950 163 994 sed
195 949 359 993 eodem
389 948 492 992 1000
516 949 619 1004 (001.
637 948 701 992 ΠΙ
726 953 750 991 9
770 951 887 1005 sqq.)
920 948 1117 1004 scriptor
1147 948 1292 991 etiam
1322 949 1410 992 hoc
1443 949 1573 1003 dicit,
1605 949 1774 994 Demo-

2 1020 7 1026 ‘
82 1009 249 1052 critum
279 1009 405 1051 recte
437 1008 628 1064 quidem
661 1010 839 1052 atomos
870 1021 1025 1051 rerum
1057 1007 1287 1052 elementa
1319 1007 1520 1063 duxisse,
1553 1010 1635 1053 sed
1668 1024 1774 1053 cum

80 1068 130 1111 in
162 1066 399 1111 nonnullis
432 1067 668 1120 erraverit,
699 1069 876 1123 postea,
910 1081 1015 1111 cum
1038 1066 1371 1123 Epicureorum
1398 1081 1556 1111 veram
1588 1071 1772 1113 senten-

80 1127 197 1170 tiam
240 1128 462 1192 exponat,
504 1140 552 1170 se
593 1127 650 1169 de
690 1140 744 1170 eo
783 1127 1099 1170 iudicaturum
1131 1139 1244 1170 esse.
1307 1126 1469 1183 itaque
1507 1127 1617 1171 huic
1647 1127 1775 1186 frag—

0 1199 2 1230 1
81 1188 238 1230 mento
285 1185 381 1229 iam
420 1186 515 1229 alia
555 1186 756 1229 anteisse
795 1186 1007 1241 putanda
1046 1187 1175 1240 sunt,
1223 1185 1393 1241 quibus
1426 1186 1627 1242 Epicuro
1659 1188 1774 1244 quid

0 1292 4 1303 Ι
81 1245 287 1302 placeret
321 1245 377 1288 de-
410 1245 653 1290 elementis
685 1245 969 1300 explicatum
993 1247 1128 1288 esset.
1189 1244 1436 1289 Praeterea
1467 1260 1587 1301 quae
1607 1246 1775 1290 Demo-

84 1305 201 1349 crito
235 1303 318 1348 001.
345 1304 389 1347 H
419 1304 700 1359 obiciuntur,
732 1318 825 1348 non
858 1304 919 1347 ad
950 1306 1130 1348 atomos
1161 1304 1286 1359 ipsas
1317 1304 1568 1360 pertinent,
1601 1306 1682 1349 sed
1715 1306 1776 1350 ad

0 1383 5 1418 ς
83 1378 274 1432 corpora
318 1377 374 1407 ex
416 1363 511 1407 illis
556 1364 814 1419 composita
866 1377 1119 1419 eorumque
1169 1362 1437 1419 qualitates.
1511 1365 1644 1408 finita
1685 1365 1776 1423 igi-

0 1451 9 1488 }
82 1426 159 1467 tur
190 1424 284 1467 iam
317 1425 388 1466 est
418 1425 521 1467 tota
551 1423 689 1466 huius
722 1422 1057 1479 disputationis
1088 1437 1195 1478 pars
1221 1438 1314 1478 qua
1339 1426 1517 1468 atomos
1542 1423 1774 1468 elementa

0 1492 7 1543 ξ
81 1496 236 1526 10111111
269 1496 367 1526 0880
401 1484 447 1526 et
471 1482 789 1526 Democritum
820 1482 1102 1538 quibusdam
1133 1483 1183 1526 in
1213 1481 1351 1526 rebus
1384 1497 1560 1528 errasse
1585 1484 1774 1528 demon-

11 1558 14 1560 *
83 1541 333 1585 strabatur.

200 1616 241 1645 v.
270 1604 351 1659 6s7
391 1601 470 1644 cfr.
501 1601 584 1657 Ep.
613 1601 728 1657 ep.I
758 1606 812 1644 67
845 1603 901 1644 τὸ
933 1604 1068 1645 κενὸν
1101 1603 1210 1645 οὔτε
1242 1605 1434 1657 ποιῆσαι
1472 1604 1580 1646 οὔτε
1612 1607 1776 1648 παθεῖν

0 1680 4 1688 »
84 1663 288 1705 δύναται

0 1770 5 1773 Α
200 1735 239 1763 v.
268 1725 335 1762 13.
400 1719 663 1763 subiectum
704 1722 803 1762 erat
843 1719 1039 1763 fortasse
1079 1721 1235 1773 ὀιστός
1274 1722 1471 1777 (volatile
1510 1722 1642 1765 telum
1687 1721 1776 1764 Lu-

0 1780 6 1802 z
86 1779 288 1834 cretius).

203 1837 288 1882 col.
313 1838 355 1880 11
386 1853 428 1881 v.
456 1843 481 1880 ξ.)
516 1839 586 1881 ὅτι
619 1840 744 1882 οἶδεν
777 1840 912 1894 αὐτό]
945 1837 1043 1882 8011.
1076 1841 1130 1882 τὸ
1162 1841 1306 1893 τέλος,
1337 1841 1393 1882 τὸ
1424 1842 1581 1894 τέρμα.
1642 1839 1776 1894 nihil,

13 1930 15 1935 ,
83 1897 238 1952 inquit
270 1898 482 1952 scriptor,
530 1896 742 1952 impedit,
789 1911 847 1940 110
886 1897 1034 1940 telum
1066 1899 1197 1940 extra
1227 1900 1479 1941 terminum
1512 1899 1715 1942 universi
1748 1914 1775 1942 a

17 2010 20 2016 .
82 1956 213 2000 vobis
246 1956 555 2000 constitutum
587 1956 870 2012 egrediatur,
903 1971 1006 2000 cum
1039 1957 1179 2001 inane
1212 1957 1255 2000 ei
1285 1971 1378 2001 non
1403 1958 1568 2002 obstet.
1625 1972 1776 2013 neque

87 2016 208 2060 enim
251 2016 378 2059 credi
416 2018 594 2071 potest,
638 2016 696 2059 ob
738 2030 841 2059 eam
881 2030 1069 2060 causam
1106 2015 1225 2060 illud
1256 2016 1404 2060 telum
1434 2017 1654 2074 progredi
1684 2033 1778 2062 non

85 2089 235 2131 posse,
283 2076 395 2130 quia
433 2074 553 2118 sciat
590 2075 712 2118 hunc
761 2089 859 2118 esse
905 2075 1155 2118 terminum
1202 2076 1416 2120 universi.
1480 2077 1659 2121 iocosus
1708 2080 1779 2122 est

26 2159 35 2163 ><
84 2134 284 2191 scriptor
314 2137 368 2177 ut
399 2133 452 2178 fr.
478 2134 541 2176 XI
572 2137 620 2178 et
650 2134 780 2177 XXV
810 2134 894 2178 col.
919 2134 984 2178 III
1014 2150 1054 2178 v.
1081 2135 1166 2192 2s3.

203 2209 242 2237 v.
270 2198 296 2237 8
327 2195 550 2250 νομιστεί]
576 2193 802 2237 nonnulla
824 2194 963 2237 huius
988 2194 1117 2238 verbi
1145 2193 1357 2250 exempla
1381 2195 1576 2238 adnotat
1603 2195 1780 2240 Usener

25 2287 30 2292 .
86 2251 266 2310 (Galen.
316 2253 373 2296 de
421 2253 553 2297 elem.
603 2266 690 2296 sec.
739 2253 957 2310 Hippocr.
1005 2253 1026 2304 I
1063 2258 1088 2296 2
1141 2257 1174 2297 t.
1222 2254 1243 2296 I
1287 2268 1332 2309 p.
1373 2258 1457 2297 417
1498 2254 1569 2308 K„
1633 2255 1775 2299 Marc.

85 2313 195 2356 Aur.
224 2317 263 2367 7,
283 2316 359 2364 31,
409 2311 531 2356 Sext.
565 2311 698 2368 Emp.
731 2313 891 2369 hypot.
919 2317 959 2367 3,
978 2315 1095 2369 232).
1144 2339 1199 2346 —
1249 2326 1408 2356 sensus
1448 2327 1632 2358 veraces
1679 2328 1779 2358 esse

51 2407 53 2410 .
86 2374 230 2428 caput
273 2371 510 2427 quoddam
555 2373 656 2416 erat
703 2371 942 2416 doctrinae
981 2372 1258 2428 Epicureae,
1306 2375 1353 2416 et
1391 2372 1519 2428 ideo,
1567 2374 1779 2428 quamvis

27 2429 31 2434 ⁴
88 2431 232 2474 atomi
263 2430 394 2487 ipsae
427 2430 680 2486 qualitates
713 2445 804 2475 non
836 2431 1062 2475 haberent
1101 2431 1192 2475 nisi
1230 2432 1447 2486 formam,
1491 2433 1779 2489 magnitudi-

37 2521 41 2523 ,
85 2504 206 2544 110111,
240 2490 335 2534 alia
366 2490 596 2534 eiusmodi
621 2489 723 2546 (Ep.
750 2505 820 2547 ep.
846 2490 867 2533 I
899 2496 923 2545 ξ
950 2493 1038 2547 54),
1076 2493 1236 2534 tamen
1267 2505 1455 2534 necesse
1487 2494 1586 2536 erat
1618 2507 1778 2549 corpo-

86 2549 214 2592 ribus
262 2562 319 2594 ex
364 2549 422 2592 iis
470 2549 740 2606 compositis
789 2553 966 2594 ceteras
1005 2565 1189 2606 quoque
1236 2550 1488 2606 qualitates
1525 2552 1778 2596 vindicare.

86 2607 249 2663 itaque
281 2607 464 2653 Colotes
503 2609 553 2652 in
593 2609 714 2653 libro
754 2623 891 2664 quem
931 2609 1171 2665 inscripsit
1210 2612 1311 2665 ,,ὅτι
1349 2612 1466 2654 κατὰ
1495 2615 1594 2655 τῶν
1626 2613 1780 2656 ἄλλων

90 2669 368 2723 φιλοσόφων
401 2670 610 2723 δόγματα
643 2670 755 2713 οὐδὲ
786 2672 870 2724 Ζῆν
903 2670 1056 2713 ἔστιν“
1089 2669 1231 2712 etiam
1270 2670 1433 2713 contra
1463 2668 1782 2714 Democritum

89 2725 348 2782 disputavit
379 2726 462 2771 has
495 2741 653 2772 omnes
685 2727 940 2783 qualitates
982 2727 1227 2772 tollentem
1258 2727 1357 2782 (cfr.
1389 2727 1512 2772 Plut
1547 2730 1648 2774 adv.
1683 2728 1778 2774 Col.

34 2784 38 2787 ’
89 2798 189 2841 cap.
215 2789 241 2828 8
260 2788 402 2842 sqq),
456 2789 597 2844 atque
627 2801 720 2831 non
753 2786 903 2831 solum
935 2786 1201 2831 Democrito
1234 2787 1316 2830 sed
1347 2787 1562 2832 omnibus
1594 2803 1779 2858 quoque

88 2845 253 2898 ceteris
283 2844 574 2902 philosophis
605 2845 797 2902 obiecit,
838 2846 965 2902 quod
995 2846 1141 2890 vitam
1172 2860 1356 2890 omnem
1393 2845 1627 2892 tollerent.
1688 2848 1780 2892 ita—

87 2916 178 2959 que
217 2917 322 2947 cum
359 2904 485 2949 idem
525 2919 553 2949 a
583 2905 791 2962 Diogene
831 2921 870 2950 v.
898 2910 923 2949 9
941 2921 1039 2962 sqq.
1082 2906 1347 2950 Democrito
1390 2905 1515 2950 obici
1551 2907 1777 2961 videmus,
