2066 3146
862 174 919 181 —-
983 148 1106 190 XXII
1167 174 1225 180 —

196 291 407 350 stratur,
456 288 587 349 quod
636 288 714 336 hic
759 290 990 348 matrem,
1039 287 1160 334 alibi
1208 288 1331 335 alios
1378 287 1650 349 alloquitur
1696 291 1881 335 auctor.

196 364 281 410 sed
326 364 528 410 minime
578 362 678 408 alia
726 361 959 408 allocutio
1016 363 1065 409 et
1113 361 1209 408 alia
1258 362 1536 408 litterarum
1591 361 1881 424 magnitudo

199 437 354 484 alium
416 439 669 484 auctorem
730 434 974 494 indicant,
1029 437 1078 481 et
1132 435 1252 482 satis
1307 437 1380 482 est
1434 437 1482 482 te
1536 450 1764 483 revocare
1819 435 1884 482 ad

201 511 259 557 fr.
286 510 425 557 LXII
450 533 504 546 =
530 509 652 556 Heb.
680 512 728 555 et
752 507 862 555 Kal.
899 510 945 568 3,
978 509 1110 570 quod
1141 524 1294 570 aeque
1326 511 1520 572 magnis
1550 509 1732 556 litteris
1766 509 1881 556 scri-

195 588 336 645 ptum
384 587 532 645 atque
578 583 698 629 haec
738 581 797 629 de
842 598 940 644 qua
990 584 1182 645 agimus
1234 583 1449 644 epistula
1496 585 1698 645 propter
1737 598 1882 646 argu-

195 659 415 705 mentum
463 673 491 704 a
540 657 677 704 nullo
726 656 824 703 alio
876 657 1111 717 scriptum
1161 670 1262 703 esse
1309 659 1476 718 potest
1522 657 1619 704 nisi
1666 656 1725 703 ab
1774 657 1881 717 ipso

196 731 415 794 Diogene
464 725 506 796 (.
534 769 580 778 ..
629 743 756 790 τους
804 727 1208 790 ἐπιδημούντων
1256 728 1424 779 ξένων
1472 727 1879 791 φιλάνθρωπον;

196 806 280 852 cfr.
323 806 380 851 fr.
409 805 456 851 II
489 805 577 852 col.
605 804 647 847 V
674 826 729 840 =
754 803 876 850 Heb.
911 807 960 851 et
991 804 1101 851 Kal.
1141 804 1199 851 fr.
1228 805 1294 852 58
1329 805 1418 852 001.
1445 804 1516 850 IV
1555 807 1604 852 et
1635 806 1693 851 fr.
1720 803 1882 850 XXIV

195 880 284 926 col.
310 878 335 925 I
360 882 408 926 et
431 879 482 925 II
515 901 569 915 =
603 877 724 924 Heb.
760 879 808 925 et
838 877 948 925 Kal.
991 879 1048 924 fr.
1077 879 1167 938 613
1209 882 1257 925 et
1288 878 1396 926 τῶν
1430 875 1772 939 πραγμάτων,
1806 873 1882 925 ὧν

201 949 258 1000 ἑν
313 952 429 1012 ταῖς
478 948 774 1000 ὑποκάτω
824 948 1023 1011 χώραις
1077 948 1329 1011 ἐδήλωσα
1376 952 1623 1013 φυσικῶν
1669 966 1726 1000 τε
1776 947 1883 1012 ἅμα

194 1024 278 1074 καὶ
303 1019 659 1091 παθητικῶν).
703 1020 835 1086 Quod
865 1026 1199 1089 fragmentum
1233 1027 1475 1087 quomodo
1510 1042 1539 1073 a
1572 1025 1784 1074 Cousino
1818 1026 1885 1073 ei-

195 1100 305 1148 dem
330 1100 587 1162 epistulae,
621 1116 769 1160 quam
800 1099 1005 1161 Epicuri
1035 1100 1138 1148 sive
1173 1100 1433 1147 familiaris
1459 1100 1563 1147 eius
1590 1115 1692 1148 esse
1723 1102 1884 1160 putat,

198 1174 349 1221 inseri
389 1175 611 1235 potuerit
650 1190 746 1220 non
779 1173 1030 1236 intellego.
1087 1174 1145 1221 de
1178 1173 1372 1222 diversa
1405 1175 1569 1221 autem
1600 1175 1885 1221 litterarum

195 1248 538 1310 magnitudine
579 1248 664 1296 cfr.
707 1263 833 1310 quae
873 1263 1022 1310 supra
1063 1247 1165 1295 dixi
1205 1250 1254 1295 et
1285 1247 1560 1295 Usenerum
1592 1248 1698 1295 1000
1732 1247 1883 1294 citato

195 1339 242 1383 p.
270 1323 391 1369 418.
433 1321 516 1369 sed
548 1322 803 1369 veniamus
837 1322 899 1369 ad
931 1324 1117 1370 ceteras
1151 1337 1323 1370 causas
1357 1338 1478 1382 quas
1511 1322 1655 1368 affert
1689 1321 1883 1369 Cousin.

195 1397 465 1443 orationem
508 1396 665 1443 multo
707 1396 1056 1457 simpliciorem
1100 1398 1146 1443 et
1180 1396 1437 1444 clariorem
1472 1411 1574 1443 esse
1614 1395 1747 1443 dicit.
1800 1395 1886 1442 sed

194 1470 321 1517 talia
360 1470 534 1517 fallere
572 1472 780 1531 possunt
812 1473 862 1517 et
893 1471 1107 1519 sermoni
1137 1469 1281 1517 huius
1315 1470 1556 1532 epistulae
1589 1486 1688 1517 non
1719 1469 1885 1517 deesse

195 1544 521 1592 obscuritates
560 1540 750 1606 postea,
790 1546 847 1591 ut
886 1545 1084 1606 opinor,
1125 1544 1395 1604 ostendam,
1436 1559 1544 1590 cum
1585 1544 1648 1591 ad
1688 1558 1884 1591 accura-

193 1620 300 1666 tam
331 1620 998 1679 interpretationemdvenero
1033 1611 1142 1684 (cfr.
1176 1634 1303 1680 quae
1335 1618 1400 1666 ad
1431 1619 1489 1665 fr.
1522 1617 1687 1664 LXIII
1719 1617 1806 1665 001.
1833 1616 1885 1662 H

195 1685 335 1757 dixi).
385 1692 558 1739 deinde
584 1694 764 1740 statuit
786 1693 940 1740 talem
971 1693 1182 1740 formam
1207 1692 1369 1754 qualis
1395 1694 1461 1740 sit
1485 1688 1884 1752 ὑφειστήκεσαν

195 1781 284 1813 nos
323 1766 372 1812 in
415 1767 747 1827 antiquiorem
786 1768 1003 1814 aetatem
1041 1782 1291 1823 revocare,
1325 1767 1615 1827 scriptorem
1647 1765 1884 1828 Diogenis

195 1842 358 1887 aetate
425 1841 675 1889 viventem
736 1841 971 1888 nimirum
1040 1837 1362 1901 ὑφέστασαν
1425 1839 1671 1887 dicturum
1732 1839 1883 1886 fuisse

193 1917 345 1961 ratus.
424 1913 508 1961 sed
549 1919 597 1962 et
642 1916 694 1961 in
734 1917 1019 1962 universum
1057 1915 1263 1976 perfecti
1302 1915 1488 1961 formae
1529 1915 1581 1960 in
1630 1926 1720 1960 -κα
1759 1912 1882 1960 desi-

196 1991 366 2036 nentes
391 1988 684 2036 recentiores
709 1991 825 2036 sunt
850 1988 961 2036 aliis
987 1982 1097 2054 (cfr.
1117 1987 1172 2036 G.
1191 1989 1360 2050 Meyer
1377 1987 1591 2035 Gramm.
1610 1988 1774 2049 p.634
1786 1981 1883 2051 sq.)

196 2065 245 2108 et
283 2062 470 2109 formae
510 2063 757 2125 longiores
804 2062 866 2109 ab
909 2059 1107 2122 ἕστηκα
1153 2063 1401 2110 derivatas
1440 2062 1684 2123 paulatim
1722 2061 1881 2108 brevi-

195 2151 302 2182 ores
355 2138 695 2197 represserunt
756 2137 878 2184 adeo
940 2138 997 2184 ut
1056 2137 1402 2198 inscriptiones
1465 2136 1662 2183 Atticae
1718 2135 1885 2197 quarti

195 2224 238 2256 a.
280 2207 390 2257 Chr.
453 2211 636 2258 saeculi
689 2211 803 2259 illas
859 2211 989 2259 solas
1045 2210 1417 2258 formas'nobis
1464 2209 1734 2271 praebeant
1773 2202 1883 2272 (cfr.

199 2282 527 2331 Meisterhans
573 2301 619 2345 p.
657 2279 800 2349 152).
886 2285 998 2332 vide
1044 2286 1193 2332 etiam
1235 2284 1366 2345 quod
1405 2284 1526 2331 dicit
1564 2283 1642 2330 W.
1684 2281 1885 2329 Schmid

198 2356 481 2404 Attieis‘mus
512 2357 584 2404 IV
616 2375 663 2419 p.
691 2360 820 2407 396:
853 2358 974 2419 „Die
1006 2359 1189 2406 kurzen
1221 2358 1323 2405 und
1354 2358 1432 2404 die
1463 2358 1643 2420 langen
1675 2356 1885 2403 Formen

196 2429 280 2478 des
329 2430 630 2480 Perfectums
678 2448 775 2480 von
821 2430 1036 2497 θνῄσκω
1085 2432 1185 2478 und
1231 2426 1411 2492 ἵστημι
1459 2431 1636 2494 gehen,
1683 2432 1776 2477 wie
1815 2430 1887 2476 im

200 2503 480 2565 Attischen,
529 2521 581 2553 so
621 2506 702 2553 bei
740 2506 834 2554 den
874 2505 1262 2554 Schriftstellern
1305 2505 1391 2553 der
1431 2502 1578 2564 κοινή
1621 2542 1630 2551 .
1661 2543 1669 2550 .
1698 2542 1743 2551 ..
1784 2503 1886 2550 und

196 2577 290 2624 den
330 2578 598 2625 Atticisten
639 2579 1031 2627 nebeneinander
1068 2579 1199 2627 her.“
1263 2582 1313 2626 et
1353 2577 1407 2627 G.
1443 2578 1680 2639 Schmidt,
1711 2577 1885 2626 Jahrb.

195 2652 231 2710 f.
265 2652 409 2698 klass.
441 2652 610 2699 Philol.
645 2652 815 2715 Suppl.
841 2654 886 2700 X
909 2670 955 2714 p.
984 2654 1085 2701 481
1124 2654 1181 2701 (10
1213 2654 1387 2700 Flavio
1422 2653 1636 2714 Josepho
1669 2652 1885 2699 locutus:

198 2724 287 2785 „In
344 2725 818 2787 plusquamperfecti
871 2727 1141 2775 indicativo
1196 2728 1383 2774 formae
1437 2726 1686 2789 longiores
1739 2725 1885 2787 longe

199 2798 518 2859 praevalent“
574 2803 622 2847 et
686 2800 1192 2859 Winer-Schmiedel,
1250 2800 1468 2848 Gramm.
1516 2801 1560 2847 d.
1607 2801 1884 2847 neutesfam.

197 2871 560 2930 Spraehidioms
606 2872 637 2934 ξ
676 2876 762 2933 14,
792 2874 844 2922 5:
894 2875 1024 2935 „Das
1072 2874 1199 2921 Pers.
1248 2890 1345 2921 von
1390 2870 1604 2921 ἱστάναι
1651 2873 1779 2934 zeigt
1818 2873 1887 2917 im

197 2944 447 2993 Indicativ
478 2947 557 2993 nie
590 2946 668 2994 die
700 2947 937 2994 kiirzeren
970 2947 1179 2995 Formen
1213 2944 1456 3007 ἕσταμεν,
1492 2942 1698 3003 ἕστατε,
1732 2942 1887 2993 ἑστᾶ-
