2066 3146
0 1364 10 1704 ἑ

0 1716 10 1981 ἰ

768 117 1138 169 —93-

24 250 31 254 '
101 249 255 302 detur,
288 260 379 304 quo
412 246 571 291 affecti
604 262 776 301 sumus,
818 247 856 290 si
887 262 1037 303 neque
1075 262 1175 291 rem
1212 248 1366 303 ipsam
1404 263 1554 304 neque
1596 264 1799 304 causam,

104 321 190 352 cur
219 321 323 350 eam
353 306 618 359 timeamus,
652 307 767 350 satis
800 307 1039 364 cognitam
1070 307 1308 351 habemus.

183 365 424 469 X{X3V1de
471 367 658 420 τρανόω
706 365 804 422 (cfr.
838 366 894 409 fr.
919 365 1025 409 XXI
1065 365 1150 410 col.
1183 366 1207 410 I
1234 381 1276 410 v.
1305 368 1348 423 9)
1394 366 1611 410 videatur
1648 367 1800 412 Praef.

104 441 136 482 Ρ
224 499 265 528 v,
294 488 349 528 10
382 484 439 527 de
470 486 599 526 metu
631 484 782 538 inani,
823 483 905 539 qui
944 484 1105 539 oritur,
1138 485 1178 527 si
1209 484 1324 541 quid
1354 485 1537 528 ratione
1569 499 1663 529 non
1695 500 1802 544 cog—

102 544 259 588 nitum
291 545 376 597 est,
409 543 490 586 cfr.
522 542 654 599 Epic.
687 557 758 598 ep.
789 542 811 585 1
835 546 905 597 81,
950 543 1031 599 qui
1064 544 1227 587 eadem
1260 544 1315 587 de
1346 558 1411 598 re,
1445 544 1501 587 de
1532 547 1662 589 metu
1694 546 1801 589 deo·

106 618 210 647 rum
253 605 300 646 et
338 602 501 645 mortis
541 601 657 645 haec
690 602 807 645 dicit
839 605 912 647 ἐπὶ
943 605 992 647 δὲ
1023 605 1207 656 τούτοις
1231 638 1361 648 .....
1386 605 1534 648 ἑκεῖνο
1567 607 1635 648 δεῖ
1666 619 1804 649 κατα-

102 668 245 717 νοεῖν,
279 664 350 706 ὅτι
379 662 582 716 τάραχος
613 664 638 705 ὁ
665 664 969 717 κυριώτατος.
990 697 999 706 .
1019 699 1029 707 .
1050 663 1242 715 ,γίνεται
1267 663 1317 706 ἑν
1339 668 1408 719 τῷ
1432 668 1580 707 ταῦτα
1606 665 1804 719 μακάριά

103 737 158 766 τε
190 723 396 767 δοξάζειν
428 723 502 765 καὶ
542 722 762 775 ἄφθαρτα
805 724 879 765 καὶ
916 722 1194 774 ὑπεναντίας
1224 724 1344 776 ἔχειν
1374 725 1529 779 τούτῳ
1564 725 1806 778 βουλήσεις

109 816 295 835 ......
343 782 418 824 καὶ
457 781 507 823 ἑν
546 785 613 835 τῷ
654 780 844 824 αἰώνιόν
881 795 925 824 τι
964 782 1115 824 δεινὸν
1155 782 1225 825 ἀεὶ
1266 784 1534 836 προσδοκᾶν
1559 818 1570 826 .
1589 817 1599 826 .
1619 818 1629 826 .
1649 818 1659 827 .
1685 785 1804 827 κατὰ

106 843 219 893 τοὺς
265 841 439 894 μύθους
484 840 575 883 εἴτε
619 843 694 883 καὶ
735 841 884 894 αὐτὴν
923 840 1227 895 ἀναισθησίαν
1264 843 1353 895 τὴν
1391 843 1441 884 ἑν
1479 846 1547 897 τῷ
1585 843 1805 886 τεθνάναι

104 901 580 955 φοβουμένους....,
629 902 717 943 καὶ
763 900 821 942 ἐν
866 904 942 954 τῷ
991 902 1060 954 μὴ
1110 901 1304 952 δόξαις
1340 905 1518 944 ταῦτα
1563 902 1804 956 πάσχειν

107 959 224 1003 ἀλλ’
254 960 438 1014 ἀλόγῳ
471 960 530 1010 γέ
562 973 673 1002 τινι
704 959 1070 1013 παραστάσει.
1135 958 1215 1003 cfr.
1250 959 1394 1002 etiam
1423 960 1628 1003 Lucretii
1658 960 1783 1004 notis

112 1019 255 1061 simos
288 1031 448 1060 versus
480 1017 510 1060 l.
535 1017 578 1060 Π
610 1032 647 1060 V.
676 1022 731 1060 55
750 1032 848 1073 sqq.
883 1018 940 1060 de
971 1032 1090 1060 vano
1122 1020 1253 1061 motu
1283 1032 1544 1074 puerorum.

228 1092 271 1120 v.
301 1082 352 1120 11
372 1090 471 1131 sqq.
513 1091 644 1119 mens
675 1079 887 1120 versatur
925 1076 986 1119 ad
1025 1076 1168 1120 aliam
1200 1076 1408 1133 aliquam
1439 1081 1657 1122 naturam
1687 1079 1804 1136 (scil.

107 1140 254 1192 atque
285 1136 474 1194 ignem),
507 1150 626 1192 quae
659 1149 752 1179 non
776 1137 827 1180 ἐκ
851 1141 1058 1191 φανεροῦ
1093 1140 1176 1191 est,
1210 1137 1293 1179 sed
1325 1138 1631 1193 ἐνδεδυμένη;
1664 1153 1807 1193 quam

108 1210 219 1240 cum
256 1210 386 1238 mens
426 1195 661 1238 illustrare
701 1209 794 1239 non
831 1195 1002 1251 possit,
1042 1198 1172 1239 metu
1212 1195 1463 1251 afficimur,
1510 1196 1591 1240 cfr.
1621 1174 1755 1242 Imcr.
1787 1197 1809 1241 I

110 1260 196 1358 ᾗδὲ
217 1269 316 1310 sqq.
378 1256 694 1309 ὑποφωτίζειν
727 1255 924 1311 paulum
963 1255 1215 1309 illustrare,
1255 1255 1371 1299 alibi
1402 1258 1583 1299 exstare
1615 1270 1709 1300 non
1739 1257 1808 1300 vi-

146 1330 169 1357 e
195 1329 260 1358 ur.

232 1403 303 1447 fr.
326 1402 508 1446 XXXI
556 1417 661 1446 cum
700 1405 828 1445 metu
869 1402 1060 1446 deorum
1100 1405 1199 1446 arte
1239 1403 1515 1447 coniunctus
1554 1408 1626 1448 est
1657 1408 1810 1448 metus

111 1462 215 1506 fati.
278 1463 439 1517 itaque
478 1476 535 1504 ne
582 1461 734 1510 fatum
781 1461 971 1517 quidem
1017 1477 1116 1505 esse
1162 1463 1359 1518 probare
1406 1464 1565 1507 studet
1612 1464 1812 1521 scriptor

112 1522 214 1580 (cfr.
246 1521 302 1565 fr.
327 1521 556 1576 XXXIII).
591 1525 638 1565 et
677 1535 782 1564 cum
813 1521 966 1565 fatum
997 1536 1095 1565 esse
1127 1535 1183 1564 ex
1214 1521 1501 1566 divinatione
1534 1522 1681 1567 Stoici
1713 1523 1814 1567 effi-

114 1582 244 1626 ciant
291 1581 388 1638 (cfr.
422 1581 477 1624 fr.
502 1580 694 1623 XXXIII
733 1580 885 1624 col.‘II
911 1584 969 1637 1),
1008 1595 1146 1634 nunc,
1177 1585 1232 1624 ut
1269 1581 1421 1625 fatum
1461 1581 1623 1636 tollat,
1667 1583 1812 1626 etiam

111 1641 452 1684 divinationem
482 1639 662 1683 nullam
694 1655 792 1683 esse
825 1641 1045 1685 ostendit.

151 1712 157 1717 ·
235 1700 321 1744 col.
345 1699 367 1742 I
396 1714 437 1744 v.
465 1703 490 1742 3
509 1714 607 1755 sqq.
642 1700 702 1742 ad
744 1714 842 1742 rem
882 1699 963 1742 cfr.
995 1699 1130 1758 Diog.
1163 1699 1315 1744 Laert.
1348 1699 1390 1743 X
1416 1706 1500 1746 135
1533 1701 1629 1759 (Us.
1654 1701 1709 1745 fr.
1737 1703 1811 1759 27)

114 1763 312 1815 μαντικὴ
362 1761 482 1804 οὖσα
530 1760 842 1814 ἀνύπαρκτος,
891 1759 931 1803 εἰ
977 1763 1052 1803 καὶ
1090 1761 1325 1815 ὑπαρκτή,
1374 1762 1512 1805 οὐδὲν
1554 1761 1664 1816 παρ’
1692 1763 1815 1816 ἡμᾶς

119 1822 299 1875 ἡγητέα
331 1820 390 1862 τὰ
420 1820 641 1872 γινόμενα
672 1821 719 1861 et
749 1818 804 1861 fr.
839 1822 937 1861 395.

234 1893 276 1922 v.
306 1882 359 1921 10
390 1877 588 1921 fortasse
622 1877 821 1934 scriptor
852 1877 1189 1921 divinationem
1222 1878 1434 1922 definivit
1463 1880 1726 1935 (ὁρίζομαι),
1759 1883 1814 1922 ut

116 1937 370 1994 Chrysippi
409 1937 729 1981 definitionem
767 1936 968 1995 legimus
1001 1938 1127 1993 apud
1159 1936 1251 1981 Cic.
1286 1938 1342 1981 de
1375 1938 1518 1982 divin.
1550 1938 1594 1982 II
1617 1943 1688 1992 63,
1714 1944 1814 1983 130.

238 2026 306 2070 fr.
333 2025 570 2069 XXXIII
601 2026 687 2069 col.
713 2026 733 2068 Ι
767 2040 953 2069 sensum
984 2026 1175 2081 quidem
1207 2029 1254 2069 et
1286 2027 1679 2070 constructionem
1704 2027 1819 2083 quin

119 2089 246 2130 recte
272 2085 584 2129 intellexerim
608 2100 702 2128 non
728 2085 907 2138 dubito,
940 2086 1153 2141 quamvis
1186 2086 1243 2129 de
1268 2086 1465 2144 singulis
1496 2086 1651 2130 verbis
1685 2087 1818 2130 dubi-

118 2146 213 2190 tari
244 2146 405 2212 possit.
469 2145 587 2188 dicit
618 2144 830 2200 scriptor
877 2146 1003 2200 quod
1043 2147 1183 2188 antea
1223 2145 1279 2188 de
1313 2145 1603 2189 divinatione
1637 2146 1819 2190 dictum

119 2204 185 2248 sit
215 2204 297 2260 qui
327 2217 421 2247 non
453 2205 627 2258 credat,
660 2203 795 2247 illum
827 2204 1040 2247 adiuvari
1071 2218 1165 2247 non
1195 2218 1351 2260 posse,
1384 2206 1467 2248 sed
1498 2219 1681 2261 semper
1712 2220 1818 2248 eum

120 2264 172 2308 in
204 2277 354 2307 errore
387 2278 657 2306 mansurum
690 2277 811 2317 esse;
866 2264 947 2318 qui
979 2265 1138 2307 autem
1169 2264 1331 2307 credat
1361 2263 1503 2317 illud,
1535 2279 1642 2307 eum
1674 2266 1819 2308 etiam

119 2323 280 2368 omnia
311 2322 396 2365 illa
427 2337 545 2378 quae
579 2324 635 2366 de
667 2322 946 2366 necessitate
980 2323 1197 2366 dicantur
1226 2323 1363 2366 valde
1397 2300 1542 2367 dubia
1569 2326 1617 2367 et
1639 2323 1821 2367 incerta

121 2382 439 2426 iudicaturum
472 2397 592 2434 esse3
633 2397 742 2425 nam
774 2383 1076 2440 argumentis,
1109 2382 1277 2438 quibus
1311 2382 1545 2427 divinatio
1567 2382 1817 2438 efficiatur,

122 2444 172 2485 et
203 2442 308 2498 ipsa
339 2441 627 2485 divinatione
661 2441 859 2485 sublatis
898 2441 1019 2484 nihil
1059 2441 1189 2484 aliud
1224 2441 1449 2498 relinqui,
1490 2456 1581 2497 quo
1621 2443 1821 2486 necessi-

125 2503 276 2544 tatem
308 2514 406 2544 esse
439 2500 629 2556 probari
659 2500 822 2557 possit.

243 2575 284 2604 v
312 2565 337 2603 9
371 2561 569 2619 ἄστατα]
604 2561 747 2604 dubia
779 2560 860 2603 cfr.
893 2560 948 2603 fr.
982 2559 1131 2603 XVIII
1163 2559 1247 2603 col.
1273 2560 1292 2602 Ι
1323 2575 1365 2604 v.
1392 2560 1477 2616 2l3.

245 2618 331 2663 col.
356 2618 420 2662 III
458 2634 500 2663 v.
526 2625 552 2662 3
574 2635 672 2675 sqq.
722 2619 778 2662 de
818 2619 1075 2663 Democriti
1123 2620 1359 2662 sententia
1405 2619 1487 2663 cfr.
1526 2619 1656 2663 Diels
1700 2622 1823 2664 Vors.

244 2753 285 2781 v.
315 2741 368 2780 10
402 2740 534 2782 ἔνθεν
558 2741 608 2783 δὲ
634 2739 882 2794 φαίνεσθαι
909 2740 1360 2792 κατηνανκασμένως
1382 2739 1535 2782 πάντα
1559 2740 1865 2798 κεινεῖσθαι]

127 2796 364 2840 sententia
394 2799 496 2840 tota
528 2797 595 2841 sic
625 2796 945 2854 intellegenda
977 2799 1067 2841 est:
1102 2797 1141 2839 si
1165 2797 1271 2852 quis
1295 2796 1615 2841 Democritum
1640 2802 1827 2842 secutus

129 2857 298 2900 atomis
333 2855 516 2899 nullum
547 2858 700 2900 inesse
731 2855 932 2900 liberum
963 2859 1143 2900 motum
1175 2856 1317 2909 dicat,
1350 2856 1459 2900 inde
1492 2859 1651 2900 autem
1683 2871 1826 2914 appa-

127 2928 229 2958 rere
261 2915 451 2959 omnia
475 2917 584 2971 (non
617 2915 774 2959 omnia
806 2918 977 2970 atoma,
1011 2916 1092 2959 sed
1124 2915 1281 2959 omnia
1312 2930 1430 2972 quae
1464 2915 1596 2972 fiant)
1628 2916 1828 2960 necessi-
