2066 3146
924 99 1146 151 —80
1221 132 1291 138 ...

266 245 368 273 rum
401 245 608 274 sermone
648 230 912 274 individuos
952 230 1185 286 significat
1224 232 1270 272 et
1313 231 1476 285 postea
1516 230 1779 286 generalius
1813 232 1955 276 etiam

266 280 519 345 usurpatur
550 289 606 332 cf.
641 289 848 345 Simplic
880 290 1014 345 phys.
1049 290 1119 332 ed.
1155 302 1221 332 ac.
1247 288 1289 331 X
1316 293 1442 333 1410.

386 364 425 391 v.
454 354 477 391 7
514 351 721 403 μάντεως
743 351 832 403 γὰρ
859 350 1050 404 μᾶλλον]
1083 349 1161 391 cfr
1188 348 1272 404 Ep.
1300 363 1369 404 ep.
1395 348 1437 391 H
1463 353 1548 392 104
1582 352 1722 403 μόνος
1753 352 1778 393 ὁ
1813 355 1956 404 μῦθος

268 410 477 462 ἀπέστω,
529 412 611 451 113
654 410 843 462 μανικὸν
884 411 958 451 καὶ
997 409 1053 450 οὐ
1098 409 1397 463 καθηκόντως
1433 410 1718 464 πράττομεν,
1778 414 1859 452 114
1898 413 1954 454 τὸ

267 470 318 512 δὲ
358 470 514 519 ἁπλῶς
553 468 894 522 ἀποφαίνεσθαι
932 470 1035 521 περὶ
1072 469 1256 510 τούτων
1296 469 1500 521 καθῆκόν
1540 469 1635 511 ἐστι
1682 474 1779 521 τοῖς
1823 470 1954 523 τερά-

266 528 478 571 τεύεσθαί
508 542 551 569 τι
577 561 705 569 .....
748 527 1054 579 βουλομένοις,
1089 529 1142 567 87
1178 527 1251 569 ἐπὶ
1283 528 1332 569 δὲ
1363 529 1446 569 τὸν
1480 531 1625 580 μῦθον
1659 534 1886 582 καταρρεῖ.

389 601 428 628 v.
458 590 512 628 14
560 587 834 639 ἀνθρακώδη
883 586 1068 640 κύκλον]
1118 584 1197 627 cfr.
1233 583 1309 628 Us.
1343 584 1397 628 fr.
1433 589 1517 627 343
1553 586 1670 641 (Ast.
1697 586 1739 628 II
1764 591 1835 641 20,
1862 590 1954 643 14):

270 646 535 699 Ἐπίκουρος
564 644 726 698 γήινον
758 645 985 698 πύκνωμα
1016 647 1099 687 τὸν
1132 645 1262 697 ἥλιόν
1295 656 1438 699 φησιν
1464 647 1579 689 εἶναι
1604 649 1958 701 κισηροειδὲς

270 709 343 748 καὶ
375 706 750 756 σπογγοειδὲς
781 702 939 758 (paulo
965 717 1074 759 ergo
1100 702 1240 746 aliter
1263 716 1403 758 quam
1428 703 1675 761 Diogenes)
1700 710 1799 757 ταῖς
1823 720 1957 749 κατα-

267 766 484 819 τρήσεσιν
523 764 615 806 ὑπὸ
654 764 801 817 πυρὸς
840 764 1119 817 ἀνημμένον,
1169 763 1294 817 quod
1341 776 1368 805 a
1406 762 1614 820 Diogene
1657 763 1958 819 Apolloniata
2032 794 2042 811 .

269 824 506 878 sumptum
541 823 624 865 est.

387 881 472 924 col.
498 881 562 924 IV
593 896 632 924 v,
661 885 773 923 1-3
820 882 995 923 terram
1027 880 1217 935 quidem
1250 880 1308 923 ab
1342 883 1446 924 aere
1479 882 1697 925 sustineri
1730 882 1958 938 Epicurus

268 941 486 997 putabat,
534 940 678 983 solem
710 942 867 983 tamen
899 939 1049 982 ventis
1080 939 1185 983 tolli
1218 954 1323 982 eum
1355 941 1645 985 existimasse
1678 942 1792 985 alibi
1824 942 1958 986 nobis

268 1015 362 1043 non
407 999 632 1043 traditum
681 1002 763 1042 est.
831 1013 921 1043 vox
966 1001 1119 1054 ἄκρως
1159 1000 1317 1042 autem
1363 1000 1689 1057 coniungenda
1736 1004 1806 1044 est
1854 1016 1959 1045 cum

269 1061 437 1104 λεπτόν
471 1058 568 1115 (cfr.
586 1058 671 1102 VH
695 1059 780 1102 col.
798 1058 819 1101 I
849 1073 890 1101 v.
918 1063 973 1101 12
1005 1061 1178 1112 λεπτὴν
1211 1061 1260 1103 δὲ
1293 1061 1458 1114 ἄκρως,
1491 1059 1546 1103 fr.
1571 1059 1805 1103 XXXVIII
1837 1060 1960 1106 col.I

270 1134 309 1163 v.
335 1124 362 1162 4
397 1123 565 1174 μεικρῶ
597 1120 734 1171 πάνυ,
766 1118 821 1160 fr.
847 1117 888 1160 II
920 1116 1006 1161 col.
1031 1117 1094 1161 VI
1125 1133 1164 1160 v.
1193 1122 1245 1160 11
1281 1120 1465 1174 μεικρὸν
1496 1121 1692 1176 κομιδῆ).

387 1193 427 1222 v.
454 1178 619 1233 4—12]
654 1177 715 1220 ad
745 1192 844 1220 rem
877 1176 1033 1220 confer
1063 1177 1195 1221 Lucr.
1214 1176 1257 1220 V
1280 1181 1528 1221 590-603.

389 1252 427 1280 v.
455 1237 500 1295 9]
542 1236 622 1279 cfr.
655 1237 788 1280 Lucr.
812 1236 855 1279 II
880 1240 964 1279 660
982 1250 1081 1291 sqq.
1144 1236 1369 1279 mundum
1408 1237 1547 1280 variis
1586 1237 1724 1281 rebus
1762 1238 1960 1281 mixtum

272 1311 368 1339 esse
417 1296 658 1349 admonet,
706 1311 763 1339 ne
812 1296 916 1351 quis
963 1295 1180 1350 miretur,
1226 1296 1350 1338 unde
1399 1296 1629 1339 elementa
1676 1297 1859 1353 vaporis
1901 1298 1960 1340 ad

271 1355 417 1399 solem
449 1355 652 1398 veniant.

270 1474 327 1533 V
338 1430 428 1517 ὃοέ.
458 1420 628 1518 1ἓοεὲῃα.
662 1415 872 1470 sequitur
902 1413 1052 1457 altera
1085 1414 1349 1470 explicatio,
1382 1429 1521 1469 quam
1547 1415 1788 1458 Lucretius
1814 1415 1962 1459 tradit

390 1549 429 1576 v.
458 1537 511 1576 13
561 1535 885 1589 εὐεμπρήστου
935 1532 1135 1588 exempli
1182 1546 1323 1576 causa
1367 1533 1598 1589 supplevi3
1655 1549 1740 1577 vox
1780 1537 1961 1578 exstare

272 1608 364 1636 non
395 1593 593 1636 videtur.

392 1653 460 1696 fr.
484 1653 563 1696 IX
596 1653 651 1695 de
684 1667 731 1694 re
765 1652 846 1695 cfr.
880 1652 1011 1695 Lucr.
1038 1651 1078 1694 V
1113 1656 1195 1695 783
1211 1666 1332 1706 sqq,
1365 1651 1614 1707 praecipue
1647 1656 1732 1695 805
1751 1667 1872 1708 sqq.:
1907 1667 1960 1695 ex

272 1714 423 1755 terrae
470 1712 616 1754 uteris
663 1711 894 1766 prodeunt
941 1710 1201 1754 infantes
1249 1713 1370 1767 (810)
1419 1713 1466 1754 et
1513 1715 1597 1754 816
1646 1717 1766 1755 terra
1813 1713 1961 1756 cibum

268 1773 464 1827 pueris
483 1806 580 1815 .....
612 1771 868 1827 praebebat,
899 1785 1057 1814 sucum
1089 1771 1363 1814 consimilem
1395 1771 1537 1814 lactis.
1600 1770 1708 1813 inde
1743 1773 1971 1828 βρε[φ]ώ--

273 1833 382 1882 δους
420 1845 458 1875 v.
486 1834 512 1873 8
546 1832 592 1873 et
627 1845 665 1873 V.
695 1834 748 1873 12
783 1830 1077 1887 βρ[εφώδεις]
1110 1829 1336 1885 supplevi.

392 1890 460 1935 fr.
485 1889 535 1932 X
568 1888 652 1933 col.
677 1889 697 1932 I
740 1889 830 1932 iam
867 1890 926 1932 ad.
958 1888 1095 1932 initia
1127 1888 1278 1933 cultus
1316 1887 1510 1931 humani
1541 1888 1837 1945 progreditur
1869 1889 1962 1932 dis·

272 1949 470 2004 putatio.
534 1949 594 1992 ad
626 1950 778 1992 totum
809 1948 963 1992 locum
995 1947 1075 1992 cfr.
1108 1948 1239 1992 Lucr.
1260 1946 1299 1991 V
1325 1952 1409 1991 925
1428 1962 1526 2003 sqq.

391 2023 431 2052 v.
466 2014 490 2052 1
539 2008 789 2051 antecessit
834 2007 1032 2051 fortasse
1070 2012 1155 2051 τοῦ
1196 2010 1248 2052 δὲ
1286 2009 1456 2063 χρόνου
1496 2008 1849 2063 προβαίν]οντος
1880 2007 1961 2051 cfr.

274 2083 312 2110 v.
342 2073 409 2111 14.
471 2068 647 2123 primos
686 2067 896 2110 homines
936 2081 1028 2111 non
1069 2067 1252 2121 domus,
1295 2067 1376 2110 sed
1415 2066 1659 2122 speluncas
1693 2069 1739 2110 et
1770 2065 1963 2110 frutices

275 2129 321 2169 et
352 2142 541 2171 nemora
579 2126 828 2170 incoluisse
870 2127 1005 2170 docet
1044 2126 1286 2181 Epicurus.
1357 2125 1437 2168 cfr.
1470 2125 1661 2169 Lucr.V
1685 2140 1723 2169 v,
1753 2129 1963 2181 955sqq.,

275 2185 461 2230 Diodor.
495 2187 515 2228 I
540 2190 580 2240 8,
601 2191 640 2230 6.

393 2261 431 2288 v.
460 2251 484 2289 8
519 2246 608 2290 εἴτε
641 2249 714 2290 καὶ
747 2247 921 2301 δοραῖς]
955 2243 1036 2288 cfr.
1060 2245 1190 2289 Lucr.
1218 2244 1259 2287 V
1286 2248 1397 2287 1011
1431 2245 1537 2289 ‘inde
1568 2258 1698 2288 casas
1724 2250 1963 2300 postquam

275 2319 330 2348 ae
362 2307 501 2360 pelles
537 2306 770 2362 iynemque
801 2310 1058 2361 pararunt,
1099 2305 1239 2348 antea
1279 2303 1402 2346 enim
1440 2303 1567 2346 nuda
1599 2317 1789 2358 corpora
1821 2302 1963 2346 habe-

275 2363 403 2417 bant,
436 2365 571 2408 nocte
603 2365 787 2407 tantum
818 2363 945 2407 foliis
979 2378 1026 2406 se
1058 2363 1345 2407 involventes
1377 2365 1434 2418 (v.
1462 2367 1547 2405 970
1581 2364 1627 2405 et
1659 2364 1775 2418 954).

392 2438 431 2466 v.
461 2428 513 2467 11
548 2423 605 2466 de
638 2437 746 2467 voce
780 2425 1005 2478 στρεπτός
1037 2422 1116 2466 cfr.
1141 2437 1186 2479 p.
1212 2421 1417 2466 XXXIX.

395 2497 434 2526 v.
462 2487 515 2526 12
548 2483 796 2540 κασωτῶν]
829 2483 886 2525 de
918 2482 1007 2525 hac
1038 2494 1149 2525 voce
1180 2481 1261 2525 cfr.
1293 2496 1338 2536 p.
1365 2480 1567 2524 XXXIV.
1630 2482 1779 2523 vestes
1805 2482 1962 2522 autem

275 2540 462 2585 illorum
500 2541 740 2585 hominum
783 2543 998 2594 κασωτὰς
1034 2541 1179 2584 fuisse
1218 2554 1406 2584 necesse
1447 2541 1537 2593 est,
1570 2539 1681 2594 quia
1711 2538 1861 2581 ferrea
1894 2539 1962 2581 in-

277 2602 535 2643 strumenta
581 2601 787 2644 nondum
834 2601 1024 2644 inventa
1076 2601 1230 2653 erant3
1285 2599 1365 2644 cfr.
1399 2599 1529 2642 Lucr.
1562 2598 1604 2641 V
1638 2602 1751 2641 1350
1797 2598 1964 2642 neoeilis

276 2664 382 2704 ante
411 2661 505 2714 fuit
534 2662 666 2705 vestis
696 2674 834 2716 quam
865 2661 1015 2704 textile
1045 2665 1217 2717 teymen
1249 2660 1295 2701 et
1329 2673 1395 2701 vv.
1421 2672 1519 2713 sqq.

396 2718 481 2762 col.
506 2718 549 2761 H
579 2734 619 2761 v.
647 2723 672 2761 3
714 2719 770 2762 de
809 2719 921 2776 iugo
965 2717 1044 2762 cfr.
1078 2718 1209 2762 Lucr.
1242 2717 1271 2760 l.
1298 2731 1335 2760 e.
1399 2717 1460 2760 ad
1491 2715 1632 2759 verba
1664 2719 1822 2758 autem
1852 2731 1962 2771 προ-

278 2779 449 2833 βαίνων
489 2780 514 2822 ό
555 2780 721 2833 χρόνος
757 2784 856 2831 ταῖς
895 2778 1114 2830 ἐπινοίαις
1151 2792 1193 2822 α.
1220 2779 1254 2821 ἐ.
1282 2791 1320 2820 κ.
1345 2792 1384 2820 τ.
1412 2777 1438 2820 ἱ.
1474 2777 1519 2818 et
1557 2790 1596 2818 v.
1624 2779 1649 2817 8
1693 2777 1843 2827 πάσας
1873 2776 1962 2830 γὰρ

277 2839 530 2891 ἐγέννησαν
563 2837 607 2880 αἱ
639 2843 782 2892 χρεῖαι
813 2840 885 2881 καὶ
924 2838 1227 2891 περιπτώσεις
1258 2837 1372 2890 μετὰ
1401 2839 1486 2879 τοῦ
1519 2837 1689 2890 χρόνου
1725 2833 1805 2877 cfr.
1830 2833 1961 2877 Lucr.

282 2896 319 2939 V
346 2900 459 2939 1448
476 2910 574 2950 sqq.
608 2897 796 2954 naviyia
837 2902 970 2952 atque
1001 2897 1105 2952 ayri
1135 2896 1361 2948 culturas,
1393 2896 1569 2938 moenia
1598 2929 1754 2937 ......
1779 2906 1891 2936 usus
1923 2898 1965 2936 et
