2066 3146
867 141 923 146 —
986 113 1133 158 XXIV
1195 140 1248 145 -

215 256 418 303 minime
467 255 635 303 eadem
683 270 786 302 esse
832 255 998 316 potest
1045 255 1193 314 atque
1241 269 1298 301 ea
1338 254 1396 300 de
1443 271 1542 316 qua
1579 255 1680 301 iam
1720 254 1904 303 dudum

218 330 427 392 agimus.
504 329 695 376 accedit
742 327 873 388 quod
912 327 1157 388 Epicurus
1204 327 1294 374 illa
1338 329 1552 389 epistula
1592 327 1652 376 ab
1693 330 1904 390 utroque

218 406 416 450 centum
454 402 635 466 viginti
676 401 934 448 drachmas
973 401 1183 464 flagitat,
1222 403 1265 449 is
1306 404 1473 449 autem
1513 404 1599 463 qui
1637 403 1764 450 hanc
1804 405 1904 464 epi-

219 478 402 524 stulam
442 477 654 537 scripsit,
696 492 724 523 a
762 476 921 522 matre
963 474 1160 535 quidem
1193 475 1319 521 nihil
1356 477 1574 537 accipere
1607 477 1733 524 velle
1773 477 1904 524 vide-

218 554 313 598 tur.
348 576 416 582 —-*
450 567 603 597 unum
642 549 800 611 igitur
830 549 922 596 hoc
952 550 1109 596 restat
1140 551 1507 610 argumentum:
1542 549 1691 598 Cleon
1727 550 1908 611 aliquis

219 628 268 672 et
314 624 376 671 ab
424 624 639 685 Epicuro
689 626 738 670 et
786 623 846 669 ab
896 625 1094 670 auctore
1142 623 1287 670 huius
1328 625 1568 685 epistulae
1607 626 1906 672 nominatur.

219 702 268 745 et
307 700 436 746 certe
478 698 520 744 si
557 697 851 759 probaretur
891 695 1144 743 Cleontem
1194 713 1305 743 eum
1346 698 1431 758 qui
1469 697 1522 744 in
1560 699 1652 746 hac
1693 698 1909 759 epistula

221 773 635 819 commemoratur
673 787 772 818 non
810 785 952 831 posse
985 771 1141 817 alium
1180 786 1284 819 esse
1316 771 1413 818 nisi
1445 771 1600 832 illum,
1634 789 1778 834 quem
1817 787 1902 819 no·

219 847 377 893 minat
418 845 678 906 Epicurus,
715 843 926 892 Cousino
966 844 1261 891 credendum
1300 847 1437 894 esset.
1509 846 1594 893 sed
1631 846 1737 907 hoc,
1777 846 1909 908 quod

220 920 525 980 quaestionis
551 920 702 980 caput
739 934 840 966 esse
866 918 1103 978 videmus,
1134 935 1292 980 neque
1324 919 1524 980 probari
1557 922 1719 981 potest
1751 936 1907 981 neque

217 994 400 1052 refelli,
450 993 565 1053 quia
613 992 672 1040 de
720 992 878 1040 amico
931 993 1020 1039 illo
1075 992 1279 1053 Epicuri
1331 993 1423 1040 hoc
1469 996 1665 1040 tantum
1714 994 1908 1053 scimus,

219 1067 349 1128 quod
402 1066 588 1114 Usener
644 1068 697 1113 in
754 1066 916 1114 indice
974 1067 1227 1113 nominum
1278 1083 1324 1128 p.
1360 1069 1467 1114 400
1508 1068 1649 1115 dicit:
1690 1106 1714 1125 „
1729 1065 1908 1116 Κλέων

220 1141 423 1204 fingitur
470 1157 499 1188 a
546 1142 782 1202 scriptore
831 1141 1072 1202 epistulae
1119 1140 1170 1187 II
1204 1142 1270 1187 84
1319 1141 1512 1188 litteras
1552 1141 1805 1202 Pythoclis
1846 1142 1911 1189 ad

220 1216 493 1277 Epicurum
533 1213 809 1262 attulisse.“
865 1230 1024 1275 neque
1054 1218 1161 1262 tam
1191 1230 1305 1262 raro
1337 1216 1389 1261 in
1422 1215 1728 1263 documentis
1761 1214 1909 1263 Grae-

220 1291 288 1336 cis
338 1305 463 1350 quae
512 1291 708 1336 exstant
752 1305 932 1336 nomen
982 1287 1199 1336 Cleontis
1245 1290 1516 1350 invenitur,
1573 1291 1629 1336 ut
1675 1290 1801 1338 hanc
1848 1290 1910 1337 ob

220 1379 419 1411 causam
460 1363 643 1424 aliquis
682 1364 774 1411 hoc
812 1363 921 1410 loco
962 1361 1021 1410 de
1061 1363 1197 1410 nullo
1239 1363 1337 1410 alio
1378 1365 1589 1426 cogitari
1627 1378 1768 1425 posse
1809 1379 1908 1410 cre-

221 1438 309 1485 dat
346 1438 441 1485 nisi
481 1436 539 1484 de
577 1437 665 1483 illo
706 1436 912 1498 Epicuri
951 1437 1123 1485 amico.
1174 1452 1290 1484 nam
1321 1437 1562 1485 Kirchner
1592 1438 1644 1485 in
1674 1438 1911 1497 Prosopo-

214 1512 425 1571 9raphv'a
441 1509 606 1558 Attica
630 1527 729 1558 non
753 1512 916 1558 minus
943 1526 1092 1572 quam
1114 1511 1298 1573 viginti
1323 1513 1561 1572 quattuor
1585 1512 1911 1559 Athenienses

219 1585 416 1633 nomine
460 1584 676 1633 Cleontis
718 1587 974 1632 enumerat
1013 1587 1062 1632 et
1099 1584 1234 1646 Pape
1271 1587 1325 1632 in
1357 1584 1673 1634 Onomastico
1713 1589 1913 1647 praeter

219 1654 546 1708 Athenienses
587 1661 637 1707 et
677 1661 890 1707 amicum
928 1659 1071 1706 illum
1104 1660 1308 1720 Epicuri
1346 1659 1528 1722 viginti
1565 1662 1664 1707 tres
1699 1657 1911 1707 Graecos

221 1734 333 1780 aliis
390 1733 584 1795 oppidis
640 1735 773 1781 ortos
830 1733 1042 1796 collegit.
1137 1735 1307 1795 itaque
1361 1734 1454 1781 hoc
1508 1733 1766 1781 dicendum
1823 1737 1912 1793 est,

223 1806 435 1855 Gousino
477 1808 676 1869 quidem
715 1823 812 1854 non
845 1809 1126 1870 contigisse,
1158 1809 1214 1854 ut
1246 1807 1308 1854 ab
1339 1808 1554 1869 Epicuro
1594 1807 1673 1855 vel
1713 1807 1913 1867 aequali

221 1882 323 1928 eius
364 1880 606 1943 discipulo
646 1882 774 1929 hanc
813 1882 1076 1942 epistulam
1116 1883 1350 1943 scriptam
1393 1897 1495 1929 esse
1533 1881 1778 1942 probaret.

332 1955 539 2003 Brevius
588 1956 646 2003 de
694 1955 782 2003 illo
828 1955 960 2017 quod
1003 1955 1191 2003 Usener
1241 1956 1385 2003 affert
1435 1958 1724 2019 argumento
1765 1970 1911 2017 agen-

223 2029 341 2076 dum
382 2032 466 2077 est.
546 2031 633 2091 qui
673 2030 792 2077 adeo
826 2029 919 2076 sibi
951 2030 1198 2091 persuasit
1229 2030 1422 2077 litteras
1455 2030 1568 2076 illas
1599 2045 1699 2077 non
1731 2045 1760 2076 a
1792 2029 1911 2076 Dio-

222 2119 344 2165 gene
385 2105 688 2165 conscriptas
730 2120 847 2163 esse,
886 2107 943 2150 ut
980 2098 1300 2151 hoc'tantum
1332 2103 1667 2151 demonstrare
1700 2103 1914 2162 studeat,

225 2192 323 2223 non
355 2178 654 2224 familiarem
689 2178 906 2238 aliquem
938 2178 1158 2239 Epicuri,
1194 2179 1276 2225 sed
1309 2179 1601 2241 magistrum
1634 2178 1796 2239 ipsum
1830 2192 1911 2224 eas

224 2251 519 2312 concepisse,
560 2252 691 2312 quod
731 2254 787 2298 ut
819 2267 967 2314 supra
1001 2252 1102 2298 dixi
1132 2268 1231 2298 uno
1263 2252 1412 2299 verbo
1447 2248 1694 2311 εὐθυμίας
1727 2252 1779 2297 111
1812 2250 1912 2297 illis

223 2323 386 2386 posito
428 2325 587 2372 evinci
626 2327 784 2386 putat.
841 2326 925 2372 sed
965 2341 1075 2372 cum
1114 2325 1211 2372 iam
1255 2327 1480 2388 argutius
1520 2327 1587 2373 sit
1624 2340 1741 2372 voce
1783 2339 1911 2385 quae

225 2397 357 2459 apud
403 2399 674 2460 Epicurum
723 2415 821 2446 non
867 2400 1154 2446 inveniatur
1199 2399 1440 2462 originem
1489 2399 1784 2460 Epicuream
1831 2398 1910 2444 de-

225 2475 516 2531 monstrare,
548 2488 678 2520 nunc
709 2489 733 2520 e
765 2474 1038 2520 novissima
1070 2472 1284 2520 editione
1309 2473 1545 2533 videmus,
1578 2473 1911 2534 fragmentum

225 2545 366 2606 illud,
405 2547 457 2592 in
497 2562 593 2607 quo
626 2563 718 2594 vox
753 2544 1004 2606 εὐθυμίας
1042 2550 1216 2606 exstat,
1247 2563 1308 2594 ne
1338 2548 1584 2610 pertinere
1619 2545 1815 2606 quidem
1850 2545 1913 2592 ad

226 2620 353 2666 hanc
395 2620 674 2681 epistulam,
715 2619 800 2668 sed
841 2620 1108 2668 Sententiis
1148 2621 1459 2668 inserendum
1503 2635 1620 2667 esse.
1697 2621 1910 2666 maxime

226 2692 382 2755 igitur
419 2693 585 2753 miror,
627 2694 758 2754 quod
788 2695 1113 2741 recentissimi
1151 2694 1376 2754 editores,
1409 2694 1501 2741 etsi
1533 2692 1825 2756 gravissima
1856 2695 1914 2739 ut

224 2766 349 2813 mihi
399 2766 594 2814 videtur
649 2770 942 2830 argumenta
993 2768 1093 2828 ipsi
1142 2769 1468 2826 sustulerunt,
1515 2783 1623 2814 cum
1671 2782 1768 2814 non
1816 2767 1913 2812 nisi

226 2841 409 2887 formas
440 2841 686 2904 longiores
721 2841 781 2887 ab
815 2837 1014 2900 ἕστηκα
1053 2841 1301 2890 derivatas
1334 2858 1364 2889 a
1396 2841 1615 2904 Diogene
1649 2844 1911 2900 usurpatas

227 2929 329 2961 esse
370 2916 418 2961 et
456 2914 788 2977 fragmentum
822 2914 900 2962 cui
939 2915 1069 2962 inest
1103 2930 1196 2962 vox
1232 2912 1480 2975 εὐθυμίας
1522 2914 1581 2962 ab
1620 2914 1698 2961 his
1729 2913 1912 2961 litteris
