2066 3146
778 88 1145 142 -81—

150 258 158 266 .
179 256 188 264 .
221 221 499 276 cooperientia
529 221 691 264 mentis
714 221 949 276 paulatim
972 220 1127 264 docuit
1143 220 1455 276 pedetemptim
1478 220 1810 276 progredientis

117 283 166 324 et
203 295 244 323 v.
281 283 394 322 1029
440 280 672 323 utilitas
718 281 934 335 expressit
978 281 1167 323 nomina
1212 293 1384 330 rerum3
1439 278 1568 334 Epic.
1603 293 1674 333 ep.
1707 279 1807 321 175

118 341 234 384 ἀλλὰ
283 341 372 393 μὴν
419 340 714 393 ὑποληπτέον
754 341 828 382 καὶ
872 341 960 393 τήν
999 340 1141 393 φύσιν
1180 339 1328 382 πολλὰ
1369 340 1442 381 καὶ
1479 343 1676 381 παντοῖα
1716 339 1809 381 ὑπὸ

117 400 277 443 αὐτῶν
301 402 397 441 τῶν
421 399 707 452 πραγμάτων
739 400 1020 452 διδαχθῆναι.
1074 397 1269 440 eandem
1294 396 1576 440 sententiam
1600 396 1691 439 fert
1715 397 1809 439 iam

118 457 432 513 Xenophanes
466 456 611 512 (Diels
654 457 858 500 Vorsokr.
890 455 945 500 fr.
974 459 1046 512 18)
1082 458 1213 500 οὔτοι
1245 456 1325 501 ἀπ’
1355 457 1500 511 ἀρχῆς
1528 457 1680 499 πάντα
1713 459 1811 500 θεοὶ

118 516 328 571 θνητοῑσ’
351 517 606 570 ὑπέδειξαν,
633 517 748 560 ἀλλὰ
772 518 926 572 χρόνῳ
953 518 1201 571 ζητοῦντες
1225 517 1581 570 ἐφευρίσκουσιν
1606 517 1809 569 ἄμεινον.

120 575 201 619 cfr.
235 574 555 618 Moschionem
587 575 642 618 fr.
671 579 693 617 7
728 590 773 630 p.
800 578 885 618 633
917 590 958 618 v.
986 579 1041 617 18
1059 589 1158 630 sqq.
1191 574 1372 618 Nauck.

240 657 279 686 v.
306 647 332 684 ὃ
365 643 429 693 ὡς
461 643 570 685 οὐδὲ
601 642 791 697 ταύτας]
830 642 894 685 ad
930 642 1109 685 nullam
1141 647 1297 695 artem,
1336 647 1389 685 ut
1418 655 1474 684 ne
1505 641 1567 685 ad
1597 641 1681 684 has
1712 643 1812 696 qui-

116 702 233 754 dem,
264 700 571 745 adhibendum
602 707 665 744 est
696 715 863 744 nume-n
894 701 1040 744 ullum
1071 702 1268 744 deorum.

238 782 279 811 v.
309 771 331 809 7
365 769 475 810 οὔτε
506 769 593 821 τὴν
627 767 826 823 Ἀθηνᾶν
857 769 1218 822 παραλημπτέον
1252 768 1298 809 et
1331 766 1415 810 col.
1441 766 1505 809 111
1529 770 1556 808 4
1590 768 1703 821 μήτε
1729 769 1812 810 τὸν

117 827 290 882 Ἑρμῆν
313 828 498 882 παραλ,]
545 826 663 869 talia
694 826 816 869 enim
849 840 942 870 non
973 828 1139 870 curant
1170 826 1260 879 dei,
1293 828 1456 881 utpote
1489 825 1570 880 qui
1603 839 1813 868 securam

119 887 265 929 vitam
303 887 470 941 agant,
512 885 594 928 cfr.
626 885 753 941 quod
784 885 868 942 Ep.
901 900 973 942 ep.
998 885 1020 928 I
1045 890 1099 928 76
1140 886 1198 928 de
1238 885 1481 928 stellarum
1519 887 1650 928 motu
1682 885 1815 938 dicit,

120 947 169 989 et
200 959 271 1001 ep.
304 945 427 988 1197
473 948 546 989 καὶ
585 948 613 999 ἡ
655 946 755 989 θεία
794 947 934 1000 φύσις
970 947 1087 1000 πρὸς
1116 950 1266 988 ταῦτα
1299 947 1485 1001 μηδαμῇ
1517 946 1813 999 παραγέσθω,

119 1005 220 1049 ἀλλ’
251 1006 608 1059 ἀλειτούργητος
638 1005 944 1059 διατηρείσθω
977 1007 1051 1048 καὶ
1083 1006 1132 1048 ἐν
1164 1005 1290 1060 πάσῃ
1325 1006 1638 1059 μακαριότητι.

238 1086 280 1115 v.
315 1075 368 1114 11
418 1071 477 1115 de
522 1070 756 1126 loquellae
804 1071 983 1128 origine
1033 1070 1115 1114 cfr.
1155 1070 1239 1126 Ep.
1289 1085 1360 1126 ep.
1393 1070 1415 1113 Ι
1448 1070 1592 1128 75Ὰ76
1642 1071 1688 1112 et
1736 1069 1813 1114 Us.

120 1130 174 1175 fr.
202 1130 369 1189 334s53
408 1130 540 1174 Lucr.
566 1130 609 1173 V
635 1134 749 1173 1028
764 1144 862 1185 sqq.

239 1212 279 1242 v.
309 1202 362 1240 12
402 1196 695 1253 parenthesis
734 1199 856 1250 λέγω
896 1199 946 1241 δέ
972 1232 1131 1242 ......
1158 1199 1224 1241 ὧν
1257 1198 1482 1251 ἐποίησαν
1513 1198 1598 1249 τὰς
1626 1199 1818 1251 πρώτας

121 1259 423 1312 ἀναφθένξεις
455 1257 498 1300 οἱ
529 1258 622 1301 ἀπὸ
653 1260 740 1311 γῆς
771 1258 945 1311 φύντες
984 1258 1224 1311 ἄνθρωποι
1254 1270 1348 1300 non
1379 1256 1480 1300 sine
1513 1270 1652 1299 causa
1684 1255 1817 1299 addi-

120 1318 210 1359 tur.
286 1329 396 1359 nam
442 1315 595 1372 prima
640 1317 827 1358 tantum
871 1315 1099 1359 vocabula
1147 1318 1286 1371 φύσει
1333 1317 1436 1358 orta
1483 1329 1604 1370 esse,
1651 1316 1817 1370 postea

120 1378 280 1419 autem
310 1378 398 1430 τὴν
430 1377 557 1420 θέσιν
589 1389 774 1430 quoque
805 1374 1007 1418 multum
1033 1375 1232 1419 valuisse
1258 1375 1318 1418 ad
1341 1375 1534 1417 nomina
1565 1373 1703 1417 rebus
1735 1373 1818 1417 tri-

125 1435 312 1478 buenda
343 1434 571 1491 Epicurus
605 1434 721 1477 dicit
754 1447 824 1490 ep.
857 1435 877 1476 Ι
904 1439 958 1477 75
1002 1436 1199 1490 ὕστερον
1232 1437 1283 1479 δὲ
1315 1439 1482 1486 κοινῶς
1512 1434 1616 1477 καθ’
1646 1435 1818 1478 ἕκαστα

124 1496 235 1549 ἔθνη
268 1496 327 1538 τὰ
358 1495 449 1538 ἴδια
481 1498 717 1549 τεθῆναι
749 1497 866 1548 πρὸς
894 1497 950 1538 τὸ
981 1495 1066 1546 τὰς
1096 1497 1322 1549 δηλώσεις
1352 1494 1496 1547 ἦττον
1530 1494 1820 1548 ἀμφιβόλους

120 1555 337 1606 γενέσθαι
369 1554 584 1609 ἀλλήλοις
615 1556 688 1596 καὶ
720 1555 1090 1608 συντομωτέρως
1121 1555 1422 1608 δηλουμένας.

245 1619 330 1662 col.
355 1619 421 1662 111
450 1635 491 1663 v.
520 1625 543 1662 1
578 1619 659 1663 cfr.
692 1619 781 1663 vol.
810 1619 992 1664 Hercul.
1025 1619 1129 1663 coll.
1164 1619 1244 1663 alt.
1270 1619 1356 1663 VII
1388 1618 1473 1663 col.
1509 1624 1563 1662 26
1598 1621 1737 1674 φύσει
1768 1621 1820 1664 δὲ

121 1681 207 1732 τὰς
259 1681 447 1734 πρώτας
499 1684 596 1724 τῶν
652 1680 898 1733 ὀνομάτων
950 1680 1278 1735 ἀναφωνήσεις
1330 1681 1571 1732 γεγονέναι
1625 1680 1820 1733 λέγομεν

123 1741 166 1795 (e
198 1737 319 1782 libro
351 1738 581 1794 Epicureo
614 1738 782 1782 incerti
814 1739 1051 1795 auctoris).

243 1820 283 1848 v.
309 1810 338 1848 4
370 1805 427 1847 de
459 1805 688 1849 Mercurio
720 1804 975 1860 loquellam
1007 1805 1204 1849 docente
1235 1807 1397 1848 narrat
1430 1804 1617 1848 Diodor.
1643 1803 1663 1846 I
1690 1804 1819 1861 15s16

124 1866 219 1909 ὑπὸ
250 1866 340 1920 γὰρ
371 1867 544 1909 τούτου
579 1870 767 1919 πρῶτον
801 1867 883 1916 μὲν
913 1865 1002 1919 τήν
1033 1879 1085 1909 τε
1126 1867 1286 1919 κοινὴν
1325 1866 1564 1909 διάλεκτον
1597 1867 1822 1918 διαρθρω-

123 1928 263 1979 θῆναι
294 1927 370 1968 καὶ
399 1925 549 1968 πολλὰ
579 1929 677 1968 τῶν
710 1925 971 1978 ἀνωνύμων
1002 1930 1157 1979 τυχεῖν
1189 1925 1516 1979 προσηγορίας.

245 2005 286 2033 v.
313 1994 338 2032 9
357 2005 455 2045 sqq.
489 1990 759 2047 philosophi
790 1992 914 2035 θέσει
945 2004 1204 2034 sermonem
1236 1993 1389 2034 ortum
1422 2005 1521 2033 esse
1553 1989 1645 2033 rati
1677 1989 1823 2033 Hera-

125 2049 267 2093 clitus
303 2052 436 2092 erant
468 2052 515 2093 et
546 2049 840 2094 Democritus
874 2052 922 2093 et
952 2049 1242 2093 Aristoteles.

248 2116 333 2159 col.
359 2117 423 2160 [V
453 2119 511 2161 τὰ
542 2117 714 2161 τοσάδε
744 2117 914 2172 πλήθη,
947 2116 1126 2161 scilicet
1151 2118 1412 2171 ὀνομάτων,
1450 2130 1543 2159 non
1565 2115 1822 2168 hominum,

126 2177 181 2218 ut
221 2190 277 2218 ex
314 2190 356 2220 v.
392 2181 445 2219 12
494 2178 704 2232 apparet.
777 2176 893 2220 dicit
931 2176 1057 2220 enim
1104 2190 1230 2229 eum,
1279 2176 1359 2231 qui
1402 2175 1628 2219 vocabula
1669 2190 1824 2218 rerum

126 2235 372 2289 inveniret,
412 2234 560 2278 solum
600 2237 781 2278 tantam
826 2234 1156 2278 vocabulorum
1203 2234 1556 2278 multitudinem
1603 2234 1822 2292 colligere

129 2308 222 2337 non
253 2294 477 2350 potuisse.
539 2308 662 2348 nam,
695 2295 736 2337 si
766 2294 957 2349 quidem
987 2308 1148 2339 revera
1173 2296 1296 2338 θέσει
1321 2296 1424 2338 orta
1449 2296 1558 2338 sunt
1579 2294 1824 2347 vocabula,

129 2368 276 2396 unum
306 2353 544 2397 hominem
574 2353 728 2409 prima.
759 2353 946 2397 finxisse
979 2355 1343 2398 consentaneum
1375 2355 1458 2406 est,
1493 2368 1613 2407 cum,
1647 2353 1686 2396 si
1718 2353 1823 2408 quis

129 2413 341 2456 animum
363 2413 639 2467 induxisset,
670 2415 724 2456 ut
748 2412 974 2457 vocabula
997 2413 1207 2471 fingeret,
1240 2412 1488 2456 consilium
1512 2428 1647 2456 suum
1671 2412 1823 2456 verbis

129 2470 338 2516 nondum
375 2472 577 2516 inventis
616 2486 721 2515 cum
760 2472 866 2516 aliis
906 2473 1246 2516 communicare
1285 2486 1378 2515 non
1409 2473 1629 2528 potuerit.
1692 2486 1825 2528 prae-

129 2532 260 2574 terea
292 2531 450 2575 omnia.
480 2530 707 2575 vocabula
739 2546 766 2574 a
790 2546 837 2574 sc
861 2532 1050 2575 inventa
1074 2531 1298 2575 memoria
1322 2534 1480 2575 tenere
1506 2545 1612 2575 eum
1636 2546 1824 2575 necesse

126 2594 254 2643 erat,
301 2605 406 2635 cum
453 2590 624 2634 litteris
672 2604 791 2646 quae
836 2591 1043 2634 nondum
1081 2592 1298 2634 inventae
1339 2593 1471 2634 erant
1510 2605 1564 2634 ea
1603 2591 1825 2634 mandare

131 2663 226 2693 non
256 2653 416 2706 posset
447 2653 503 2707 (v.
533 2651 617 2707 12).
666 2663 775 2693 nam
807 2650 1008 2704 litterae,
1039 2649 1196 2706 inquit
1228 2665 1266 2694 v.
1294 2654 1363 2705 14,
1395 2652 1449 2693 ut
1480 2649 1826 2707 coUigerentur,

134 2722 250 2765 opus
290 2713 390 2752 erat
429 2709 573 2753 etiam
611 2709 786 2763 verbis,
833 2723 918 2765 per
947 2723 1067 2765 quae
1099 2710 1409 2766 imperaretur
1438 2709 1653 2753 collectio
1685 2711 1742 2765 (v.
1772 2715 1826 2752 14

132 2781 279 2823 usquc
321 2768 378 2812 ad
420 2769 475 2812 fr.
500 2769 564 2811 XI
588 2770 647 2826 4).
709 2769 835 2824 quod
875 2769 915 2812 si
952 2771 1078 2812 recte
1120 2782 1147 2811 a
1190 2768 1324 2813 nobis
1364 2768 1670 2827 intellegitur,
1703 2783 1740 2811 v.
1771 2773 1825 2811 12
1855 2771 1869 2777 “’

132 2840 287 2882 neque
324 2842 411 2871 vox
451 2831 654 2883 βασιλέες
691 2827 842 2872 ullum
879 2828 1025 2871 habet
1061 2828 1215 2872 locum
1254 2841 1404 2884 neque
1437 2829 1646 2884 βιάτορες
1677 2842 1826 2883 neque

134 2887 375 2942 βάσταγες,
409 2901 515 2930 cum
546 2887 603 2930 de
637 2887 913 2945 colligendis
938 2901 1030 2931 non
1055 2886 1321 2931 hominibus
1347 2887 1428 2931 sed
1452 2887 1691 2931 vocabulis
1716 2900 1828 2944 aga·

225 2968 422 3002 onomus
447 2971 755 3003 ottomanus
779 2971 996 3010 tramenta
1020 2970 1075 3002 ed.
1100 2970 1329 3001 william.
1533 2967 1558 3005 6
