2066 3146
754 149 827 155 —
904 118 971 170 91
1053 150 1122 156 -

205 262 248 291 v.
278 251 301 290 7
320 261 420 304 sqq.
453 247 703 304 fugiendas
736 261 836 292 esse
868 249 1072 293 rationes
1106 250 1355 306 captiosas,
1388 263 1509 306 quae
1540 251 1609 294 ita
1642 250 1785 295 effici·

5 359 7 361 ,
87 308 242 360 antur,
273 308 327 350 ut
363 321 452 351 vox
484 307 706 364 ambigua
747 322 870 351 nunc
909 308 997 352 1100
1029 323 1152 352 1111110
1183 309 1265 353 1110
1297 310 1434 353 1110ᾱο
1466 309 1783 366 intellegatur.

85 365 208 411 tales
231 365 519 409 ratiunculas
546 366 714 410 Stoicis
739 366 1034 423 (Chrysippo)
1057 368 1173 412 vitio
1206 369 1321 411 dant
1342 368 1473 414 velut
1497 367 1700 412 Galenus
1727 370 1784 412 de

89 425 231 480 Hipp.
259 427 307 468 et
322 424 443 468 Plat.
468 440 513 481 p.
535 429 620 468 288
648 426 817 469 Miiller
838 431 936 470 τῶν
963 433 1251 482 σοφιστικῶν
1267 429 1571 484 (λημμάτων),
1598 430 1715 483 ἅπερ
1734 430 1784 472 ἐν

85 485 374 538 ὁμωνυμίαις
403 486 455 528 τέ
478 497 569 529 τισι
602 489 676 529 καὶ
707 491 804 538 τοῖς
839 489 925 540 τῆς
963 488 1128 539 λέξεως
1168 488 1370 541 σχήμασι
1402 489 1598 541 μάλιστα
1632 487 1784 531 συνίσ-

84 558 237 598 ταται,
272 545 319 587 01
350 558 395 599 p.
422 548 530 597 245,
570 544 653 588 ubi
692 544 957 600 exemplum
997 544 1134 589 affert
1172 546 1271 589 eius
1311 546 1439 590 modi
1477 546 1696 599 rationis,
1737 548 1785 589 et

89 618 134 660 p.
161 606 262 653 237,
301 607 325 644 3
369 604 428 646 τὰ
471 605 522 647 δὲ
565 604 849 657 ὁμωνυμίαις
890 608 1009 648 τισὶν
1041 608 1068 659 ἢ
1102 611 1199 658 τοῖς
1244 609 1329 660 τῆς
1370 607 1537 659 λέξεως
1579 606 1784 660 σχήμασι

0 696 2 698 -
86 664 512 717 πεπανουργημένα
568 665 816 718 σοφιστικά
872 664 919 706 01
972 679 1019 719 p.
1060 667 1167 719 250,
1208 669 1248 708 8.
1338 664 1499 720 itaque
1546 664 1634 708 hoc
1681 664 1783 708 loco

0 739 1 742 ¹
89 721 267 765 Stoicos
299 720 497 764 fortasse
530 721 778 778 intellegit,
811 723 893 777 qui
926 722 1149 779 captiosis
1180 723 1443 767 rationibus
1476 725 1609 780 (quas
1643 725 1785 767 antea

0 790 2 817 ἑ
87 780 489 836 commemoravit)
536 781 733 824 virtutes
783 796 1015 824 summum
1054 781 1228 826 bonum
1269 796 1369 827 esse
1410 783 1631 827 efficiant.
1704 783 1786 826 sed

0 845 5 883 ’1
85 839 188 883 fieri
226 839 370 883 etiam
406 840 584 895 potest,
624 842 678 883 ut
714 840 809 883 iam
847 840 1032 908 longius
1067 841 1326 897 disputatio
1358 855 1604 899 progressa
1644 842 1706 885 sit
1738 843 1786 885 01

87 898 321 956 Diogenes
366 900 527 942 contra
567 913 643 943 eos
684 901 877 956 pugnet,
918 900 999 955 qui
1037 900 1272 956 voluptati
1302 901 1610 955 maledicant,
1650 901 1785 956 quasi

89 957 308 1014 Epicurei
332 957 613 1002 libidinosas
636 959 903 1014 voluptates
929 974 1159 1002 summum
1175 960 1347 1004 bonum
1372 975 1471 1004 esse
1488 961 1785 1005 arbitrentur

0 1033 10 1073 ᾗ,
86 1018 206 1074 (111111
237 1019 485 1071 ὀνομάτων
517 1020 730 1074 κοινότης
760 1021 818 1074 (v.
846 1021 918 1075 11)
941 1019 1046 1062 voci
1069 1022 1217 1075 ἡδονὴ
1243 1020 1397 1075 inest.)
1441 1033 1563 1075 quae
1588 1020 1784 1063 crimina

0 1076 9 1133 ξι
86 1077 184 1120 iam
230 1076 459 1132 Epicurus
507 1077 696 1133 repellit
742 1092 813 1134 ep.
839 1077 903 1120 111
950 1083 974 1131 ξ
1002 1082 1082 1121 131
1132 1078 1228 1135 (Us.
1267 1084 1410 1136 p.··64,
1448 1081 1492 1135 8)
1540 1081 1655 1123 ὅταν
1699 1081 1785 1123 οὖν

0 1140 9 1202 ²3
85 1138 295 1190 λέγωμεν
326 1138 443 1191 ἡδον
472 1139 665 1191 ὴντέλος
695 1139 930 1193 ὑπάρχειν,
963 1139 1019 1181 οὐ
1044 1140 1128 1190 τὰς
1149 1143 1248 1182 τῶν
1273 1141 1474 1183 ἀσώτων
1505 1140 1680 1192 ἡδονὰς
1710 1142 1786 1182 καὶ

0 1202 6 1220 ²
83 1197 171 1249 τὰς
202 1197 253 1239 ἑν
278 1198 532 1240 ἀπολαύσει
564 1198 776 1250 κειμένας
799 1198 1007 1251 λέγομεν,
1042 1199 1106 1249 ὥς
1136 1212 1256 1250 τινες
1280 1200 1562 1251 ἀγνοοῦντες
1593 1201 1667 1242 καὶ
1699 1199 1787 1252 οὐχ

84 1257 429 1309 ὁμολογοῦντες
468 1258 496 1310 ἢ
539 1261 692 1308 κακῶς
735 1257 1030 1310 ἐκδεχόμενοι
1074 1257 1359 1311 νομίζουσιν,
1404 1259 1519 1301 ἀλλὰ
1564 1259 1620 1302 τὸ
1669 1258 1786 1311 μήτε

85 1316 244 1368 ἀλγεῖν
290 1316 407 1359 κατὰ
455 1319 590 1369 σῶμα
637 1316 752 1369 μήτε
791 1316 1101 1370 ταράττεσθαι
1146 1319 1234 1371 τὴν
1266 1317 1436 1371 ψυχήν.
1513 1318 1655 1371 atque
1698 1316 1786 1359 hoc

86 1373 240 1430 magis
275 1373 575 1427 crediderim3
623 1374 784 1430 itaque
815 1374 1080 1430 proximum
1122 1374 1439 1432 fragmentum
1477 1375 1569 1418 huc
1606 1374 1784 1419 rettuli.

207 1447 248 1476 v.
279 1437 334 1476 10
358 1437 739 1489 προπηλακιστὴς
764 1433 889 1489 apud
913 1433 1200 1489 Hesychium
1225 1435 1310 1478 sub
1336 1447 1447 1478 voce
1471 1438 1786 1490 προπηλακισ-

87 1494 175 1546 μός
206 1491 468 1548 explicatur
509 1493 761 1549 (voxipsa
804 1496 1185 1549 προπηλακιστὴς
1227 1493 1400 1537 omissa
1443 1496 1527 1548 est,
1571 1496 1625 1537 ut
1666 1493 1786 1537 vidit

23 1582 26 1583 γ
87 1550 330 1608 Heinsius)
364 1553 638 1607 φιλόνεικος,
674 1553 970 1607 κολακευτής,
1004 1554 1277 1608 ὑβριστικός,
1311 1555 1480 1606 ἄδικος.
1543 1552 1660 1596 alibi
1699 1567 1787 1596 vox

15 1635 21 1653 .-,
85 1612 272 1655 exstare
302 1625 396 1654 non
427 1611 624 1655 videtur.

209 1699 279 1744 fr.
306 1699 536 1745 XXVIII
570 1699 653 1743 col.
679 1700 700 1742 I
740 1702 788 1743 et
818 1699 861 1742 II
900 1700 1058 1755 agitur
1096 1699 1154 1743 de
1192 1700 1331 1743 rebus
1365 1700 1596 1758 eligendis
1635 1702 1684 1744 et
1714 1701 1788 1744 fu-

13 1794 16 1797 s
84 1758 287 1815 giendis.
366 1772 451 1802 1100
506 1759 630 1803 0111111
687 1772 869 1815 semper
919 1759 1175 1802 secundum
1221 1759 1476 1815 Epicurum
1521 1760 1786 1816 voluptates

83 1818 335 1875 eligendae
376 1821 423 1862 et
461 1818 706 1862 molestiae
744 1818 997 1875 fugiendae
1042 1820 1150 1861 sunt
1189 1818 1286 1875 (cfr.
1313 1819 1396 1875 Ep.
1423 1833 1496 1875 ep.
1521 1819 1586 1862 ΙΠ
1616 1825 1641 1874 ξ
1668 1822 1783 1876 129).

44 1930 46 1932 V
87 1876 177 1920 1100
207 1877 310 1921 1000
344 1878 402 1921 (10
434 1877 661 1922 molestiis
695 1877 851 1935 agitur
882 1880 930 1921 et
968 1877 1243 1933 explicatur,
1292 1891 1432 1934 saepe
1463 1878 1787 1923 molestiarum

23 1948 25 1950 ·
84 1935 267 1980 fructus
299 1939 407 1993 post
437 1937 631 1994 longum
663 1937 851 1980 demum
881 1938 1066 1993 tempus
1100 1937 1207 1993 capi
1239 1951 1374 1994 posse
1406 1938 1608 1995 (semper
1639 1938 1787 1995 igitur

24 2019 27 2022 ·
84 1999 179 2052 τὴν
210 1999 390 2052 ἡδονὴν
421 1999 476 2040 τὸ
508 1999 640 2050 τέλος
671 1998 803 2053 0330).

209 2084 276 2130 fr.
303 2085 485 2129 XXIX
517 2085 602 2129 col.
627 2085 649 2127 I
682 2085 821 2129 modo
853 2084 1091 2128 incohavit
1123 2085 1322 2140 scriptor
1355 2086 1611 2129 secundum
1644 2089 1787 2142 caput

86 2144 427 2200 disputationis
471 2145 529 2201 (31
570 2145 626 2188 fr.
658 2144 851 2188 XXVIII
895 2143 1006 2187 huic
1043 2146 1169 2188 recte
1209 2145 1526 2200 antepositum
1566 2146 1658 2199 est,
1701 2145 1785 2188 illo

88 2202 146 2246 fr.
179 2202 264 2246 col.
291 2204 333 2246 Π
363 2219 402 2247 v.
432 2208 516 2257 10).
579 2205 830 2260 postquam
873 2203 1030 2259 priore
1062 2203 1216 2260 capite
1249 2204 1464 2259 exposuit
1494 2204 1787 2261 voluptatem

88 2276 323 2306 summum
346 2262 522 2306 bonum
546 2276 660 2317 esse,
684 2277 807 2306 nunc
832 2263 1150 2307 demonstrare
1176 2262 1348 2316 studet,
1381 2264 1614 2319 quomodo
1638 2264 1787 2308 vitam

88 2321 388 2378 voluptatum
419 2322 607 2378 plenam
639 2336 954 2377 assequamur.

209 2396 250 2424 v.
277 2386 304 2424 4
360 2384 410 2425 ἐν
441 2388 538 2435 τοῖς
569 2382 892 2436 καταστήμασι
924 2384 1000 2425 καὶ
1040 2382 1089 2425 ἐν
1128 2387 1228 2434 ταῖς
1264 2383 1503 2438 πράξεσιν]
1557 2382 1787 2438 Epicurus

34 2445 37 2449 '
90 2439 356 2496 voluptates
389 2441 561 2484 dividit
591 2441 640 2484 in
670 2444 850 2496 ἡδονὴν
874 2443 1283 2495 καταστηματικὴν
1315 2442 1362 2484 01
1392 2443 1481 2496 τὴν
1513 2443 1563 2486 ἐν
1595 2443 1784 2498 κινήσει,

39 2522 43 2525 -
91 2498 175 2543 cfr
205 2499 279 2543 Us.
306 2499 361 2543 fr.
383 2506 405 2543 1
434 2502 481 2544 et
506 2505 545 2554 2,
578 2500 633 2544 fr.
661 2505 857 2555 408sqq.
885 2502 932 2543 et
957 2504 1153 2554 416sqq.
1201 2502 1367 2554 ἡδοναὶ
1392 2504 1788 2556 καταστηματικαὶ

92 2558 349 2603 secundum
380 2559 635 2615 Epicurum
667 2561 776 2602 sunt
814 2559 1037 2614 ἀταραξία
1071 2560 1118 2601 01
1149 2559 1330 2614 ἀπονία,
1371 2558 1400 2602 1.
1428 2573 1466 2602 0.
1506 2559 1787 2615 tranquillus

94 2619 245 2661 status
278 2619 424 2662 animi
458 2621 505 2662 et
537 2619 743 2676 corporis
777 2618 847 2676 (fr.
874 2623 899 2661 2
934 2621 982 2661 01
1012 2619 1138 2673 450),
1172 2617 1342 2673 quibus
1375 2620 1674 2675 opponuntur
1705 2633 1787 2663 eae

29 2719 37 2738 „·
93 2690 215 2732 quae
245 2679 377 2721 motu
409 2678 567 2734 aliquo
600 2678 746 2721 animi
779 2678 875 2722 sive
908 2677 1113 2733 corporis
1154 2676 1418 2720 efficiantur
1449 2680 1633 2734 (ἡδοναὶ
1665 2694 1787 2734 κινη-

95 2797 228 2852 agat,
276 2796 334 2840 de
373 2797 663 2841 semovendis
711 2796 957 2840 affectibus
1005 2795 1133 2850 loqui
1181 2795 1368 2851 (quibus
1416 2796 1606 2840 semotis
1637 2799 1787 2852 ἡδονὴ

38 2871 40 2876 ’
99 2857 494 2911 καταστηματική,
528 2856 557 2900 i.
584 2870 622 2900 0.
657 2857 880 2911 ἀταραξία
912 2854 1142 2911 efficitur).
1205 2868 1356 2909 neque
1394 2856 1552 2899 tamen
1583 2856 1698 2911 quid
1729 2856 1794 2900 sit

46 2943 47 2946 =
93 2915 244 2969 ἡδονὴ
293 2919 670 2972 καταστηματικὴ
721 2929 827 2959 011111
871 2916 996 2959 10010
1043 2912 1331 2957 intellexisse
1378 2927 1434 2958 ex
1478 2928 1531 2958 eo
1575 2917 1789 2971 apparet,

37 2775 40 2778 ,
94 2737 245 2794 τικαί).
315 2736 575 2794 Diogenem
614 2751 800 2794 quoque
838 2737 1070 2790 videmus,
1118 2749 1223 2778 cum
1267 2740 1371 2791 περὶ
1415 2739 1788 2794 καταστημάτων
1871 2765 1885 2771 -r
