2066 3146
822 88 1270 144 *-xxx-

246 244 384 290 nulla
433 245 506 290 est
553 258 720 299 causa,
770 257 855 288 cur
900 257 999 288 non
1045 242 1144 302 ipsi
1190 241 1404 303 Diogeni
1451 242 1780 302 attribuatur,
1818 258 1934 290 nam

244 322 442 364 tantum
475 316 627 376 abest,
660 318 717 362 ut
757 330 978 363 sermone
1009 315 1264 376 scriptoris
1302 317 1355 361 in
1389 317 1675 377 antiquiora
1706 318 1933 378 tempora

243 407 549 451 revocemur,
598 389 728 451 quod
778 388 958 436 Cousin
1004 390 1172 450 putat,
1219 390 1276 435 ut
1314 389 1457 436 valde
1503 390 1713 437 recentis
1754 391 1936 437 aetatis

244 465 533 526 scriptorem
582 478 685 510 esse
733 463 1001 510 videamus.
1080 477 1190 509 cum
1238 464 1405 510 autem
1452 466 1559 511 tota
1605 464 1863 525 inscriptio
1904 479 1934 510 a

243 540 365 586 viris
415 538 570 585 doctis
619 530 767 603 (Heb.
801 539 851 583 et
882 536 993 583 Kal.
1033 553 1080 597 p.
1115 529 1247 603 442)
1294 539 1498 598 propter
1545 537 1840 599 scripturam
1883 541 1933 584 et

243 612 546 674 reliquorum
587 611 977 673 fragmentorum
1018 625 1292 658 sermonem
1332 611 1528 658 exeunti
1567 612 1778 659 secundo
1817 614 1932 673 post

246 685 493 733 Christum
534 685 728 732 saeculo
770 683 1087 745 attribuatur,
1129 699 1214 730 cur
1244 700 1344 732 non
1376 684 1646 748 Diogenem
1679 687 1736 733 ut
1769 688 1931 734 cetera

241 761 314 807 ita
364 760 489 806 hanc
545 774 739 819 quoque
794 758 1059 819 epistulam
1122 759 1375 820 scripsisse
1431 758 1718 807 credamus?
1810 760 1931 807 haec
2023 794 2027 805 ,

241 837 440 881 tantum
477 835 663 893 repeto,
701 832 839 880 verbi
872 827 1356 892 ἀντιλαμβάνεσθαι
1390 832 1755 881 substantivum
1788 829 1928 882 ἀντί-

242 907 402 967 ληψις
441 907 655 953 inveniri
695 906 827 968 apud
865 905 1137 968 Diogenem
1176 906 1236 953 fr.
1260 905 1333 952 IV
1372 906 1460 953 col.
1485 906 1537 953 H
1572 909 1624 967 7,
1663 908 1928 954 formulam

241 978 378 1030 ὅσον
422 976 513 1040 ἐφ’
556 977 772 1039 ἑαυταῖς
811 979 971 1027 redire
1011 980 1070 1026 fr.
1103 979 1128 1025 Ι
1168 981 1258 1027 col.
1283 979 1334 1027 II
1362 981 1428 1027 14
1471 973 1633 1046 (ὅσον
1674 977 1791 1029 ἔστ’
1835 978 1926 1042 ἐφ’

241 1048 433 1120 ἡμεῑν),
457 1054 662 1102 verbum
685 1055 995 1102 rarissimum
1027 1056 1076 1101 et
1106 1054 1250 1102 valde
1282 1069 1451 1101 recens
1485 1052 1743 1114 Θνητότης
1777 1057 1929 1103 etiam

242 1132 299 1175 fr.
326 1128 509 1176 XXXV
549 1129 638 1175 col.
663 1128 740 1175 HI
774 1129 803 1175 3
845 1129 960 1190 legi,
1000 1128 1211 1189 denique
1251 1143 1362 1175 cum
1394 1130 1643 1176 structura
1681 1129 1739 1176 fr.
1764 1129 1929 1176 LXIII

240 1204 328 1251 col.
355 1203 404 1249 II
436 1205 462 1248 7
497 1200 593 1262 τὴν
628 1200 795 1261 αὐτὴν
829 1198 1015 1261 ἔχουσι
1050 1199 1274 1262 δύναμιν
1306 1201 1368 1261 τῆ
1405 1198 1495 1249 ὅτε
1527 1198 1927 1262 ὑφειστήκεσαν

242 1279 357 1338 apte
397 1277 675 1338 comparari
712 1292 855 1338 posse
896 1277 953 1323 fr.
979 1275 1150 1323 XVIII
1190 1276 1278 1323 col.
1304 1275 1381 1323 III
1408 1277 1436 1322 2
1477 1271 1566 1323 ἵνα
1603 1273 1666 1336 δὴ
1708 1274 1769 1324 τὸ
1800 1272 1928 1325 ἴσον

242 1348 456 1410 γένηται
497 1350 572 1398 τῶ
613 1346 711 1399 κᾶν
751 1347 941 1410 παρὼν
983 1347 1295 1410 ὡμολόγεις.

352 1425 487 1480 Quae
550 1440 661 1472 cum
721 1426 794 1472 ita
857 1424 976 1484 sint,
1039 1426 1189 1471 etiam
1250 1426 1308 1471 fr.
1342 1423 1475 1471 LXV
1532 1418 1676 1490 (Heb.
1726 1427 1775 1472 et
1816 1424 1928 1472 Kal.

239 1500 296 1546 fr.
328 1492 419 1564 26)
461 1500 543 1546 vix
592 1500 857 1560 quisquam
904 1500 1107 1559 propter
1153 1515 1330 1546 nomen
1380 1497 1495 1546 Cari
1535 1491 1648 1563 (col.
1681 1497 1758 1546 III
1797 1515 1841 1546 v.
1869 1493 1927 1563 8)

238 1573 532 1635 antiquioris
573 1572 779 1620 alicuius
798 1573 1014 1634 ‘Epicuri
1046 1572 1302 1620 sectatoris
1335 1573 1598 1633 epistulam
1632 1587 1734 1620 esse
1775 1573 1928 1620 credi-

238 1648 366 1695 derit
412 1662 441 1694 a
481 1647 701 1709 Diogene
747 1647 995 1708 prolatam
1035 1642 1130 1711 (sic
1169 1646 1291 1694 Heb.
1326 1649 1376 1693 et
1397 1646 1507 1694 Kal.
1547 1663 1594 1708 p.
1621 1639 1775 1712 443),
1815 1661 1926 1694 cum

239 1738 337 1769 non
391 1736 517 1768 unus
572 1721 828 1768 Lucretius
883 1720 1113 1767 habuerit
1167 1736 1436 1782 cognomen
1493 1719 1619 1768 Cari.
1713 1722 1762 1768 et
1816 1737 1924 1768 cum

241 1796 330 1842 col.
349 1795 425 1842 III
449 1812 493 1843 v.
523 1797 552 1842 2
579 1796 801 1858 legamus
827 1796 1115 1855 scriptorem
1140 1787 1301 1842 Rhodi
1334 1794 1643 1855 aliquamdiu
1674 1797 1925 1843 versatum

240 1883 357 1930 esse,
396 1869 694 1917 monendum
727 1870 815 1929 est,
854 1869 1005 1916 etiam
1035 1868 1310 1932 Diogenem
1343 1862 1455 1934 (col.
1481 1868 1532 1915 II
1560 1870 1627 1917 10
1658 1868 1927 1932 fragmenti

239 1943 330 1989 XV
356 1939 501 2007 [Heb.
529 1945 578 1990 et
602 1943 711 1992 Kal.
751 1943 809 1989 fr.
839 1937 956 2007 56])
996 1942 1069 1990 ibi
1107 1945 1463 1990 commoratum
1504 1957 1620 1990 esse.

940 2208 1102 2272 Caput
1132 2209 1221 2255 111.
1298 2259 1300 2262 ,

443 2327 523 2374 De
572 2329 860 2375 sermonis
902 2327 1269 2391 Diogeniani
1316 2328 1708 2389 vulgaritate.

350 2459 622 2522 Diogenem
668 2476 826 2522 neque
878 2460 1075 2523 ingenio
1130 2475 1288 2522 neque
1339 2459 1562 2507 doctrina
1616 2460 1923 2520 praestitisse

237 2534 351 2581 inde
399 2534 554 2580 videri
600 2536 786 2595 potest,
836 2534 967 2595 quod
1005 2534 1351 2596 Empedoclem
1390 2532 1612 2596 Acragae
1666 2532 1922 2580 cuiusdam

236 2606 395 2654 filium
436 2608 570 2666 facit,
608 2607 851 2654 Heracliti
890 2608 949 2654 de
989 2610 1222 2656 continuo
1255 2608 1472 2655 omnium
1505 2623 1669 2654 rerum
1707 2605 1841 2653 fluxu
1873 2609 1921 2653 et

235 2684 373 2728 motu
421 2682 716 2728 sententiam
763 2680 1026 2729 Aristoteli
1072 2681 1324 2735 attribuit,
1365 2680 1527 2742 ipsum
1567 2696 1760 2741 quoque
1800 2681 1921 2742 Epi-

237 2771 407 2802 curum
446 2755 739 2818 magistrum
778 2770 877 2802 non
916 2771 1184 2816 numquam
1218 2755 1344 2802 falso
1376 2754 1636 2816 intellegit.
1699 2754 1830 2814 quod
1862 2754 1923 2800 de

235 2828 379 2876 rebus
418 2827 607 2876 levibus
649 2830 797 2889 atque
836 2828 1039 2876 minutis
1071 2829 1230 2875 multa
1261 2827 1412 2876 verba
1444 2827 1565 2875 facit
1604 2829 1653 2874 et
1682 2827 1813 2874 idem
1844 2827 1921 2875 bis

237 2903 314 2949 vel
346 2905 421 2949 ter
453 2902 612 2949 dicere
642 2918 741 2949 non
773 2904 985 2962 veretur,
1017 2903 1079 2949 ad
1111 2902 1414 2965 ingeniolum
1448 2902 1549 2949 eius
1583 2901 1767 2962 optime
1802 2917 1919 2962 qua-
