2066 3146
767 133 1135 185 „75-

107 260 199 306 cic.
231 261 364 306 Tusc.
389 261 454 305 111
481 267 549 316 13,
568 266 623 304 28
657 262 752 318 (Us.
778 262 833 306 fr.
859 264 964 320 444)
997 263 1205 319 Epicuro
1243 270 1394 308 autem
1428 264 1579 320 placet
1616 264 1794 318 opinio·

105 335 206 364 nem
243 321 357 365 mali
393 322 725 378 aeqritudireem
764 336 854 366 esse
890 328 1063 367 ‘natura
1107 323 1180 380 [ea
1218 328 1392 367 natura
1432 321 1549 367 coni.
1575 321 1699 380 Us.]‚
1745 328 1797 366 ut

105 381 371 436 quicumque
408 381 646 424 intueatur
683 383 736 424 in
774 382 964 438 aliquod
1001 383 1152 426 maius
1181 383 1376 436 malum,
1406 383 1449 425 si
1478 382 1529 425 id
1558 381 1648 426 sibi
1678 381 1794 425 acci—

103 439 222 483 disse
252 440 476 494 opinetur,
506 442 567 484 sit
596 441 812 484 contiuuo
842 443 894 484 in
917 441 1216 498 aeyritudine.
1271 441 1431 496 itaque
1456 440 1655 497 scriptor
1679 439 1796 483 dicit

102 498 340 541 naturales
387 498 706 556 aegritudines
753 515 801 543 sc
849 500 1108 545 coercuisse
1153 502 1360 554 tantum,
1408 501 1587 543 ceteras
1636 501 1795 543 autem

103 556 316 600 funditus
349 558 642 614 exstirpasse.

223 631 261 661 v.
283 621 335 660 11
362 620 527 672 κομιδῆ
552 617 758 673 pertinet
786 619 846 661 ad
873 621 1072 674 μεικρόν,
1098 617 1179 662 cfr.
1206 618 1266 662 ad
1298 618 1353 662 fr.
1370 618 1479 662 VIII
1502 618 1587 662 col.
1606 617 1670 661 IV
1695 632 1734 659 v.
1754 622 1794 661 2.

222 691 260 719 v.
280 681 334 719 12
353 690 440 719 vox
457 679 758 731 ἐλαχιστιαῑος
774 678 890 722 alibi
907 680 1089 721 exstare
1106 691 1199 721 non
1215 677 1412 733 videtur,
1431 677 1512 722 cfr.
1530 675 1794 733 p.XXX111.

220 750 262 779 v.
289 740 344 778 14
377 736 435 779 de
466 736 617 779 forma
647 742 779 781 ποεῖν
812 738 891 781 cfr.
927 736 1119 782 Cronert
1153 738 1382 782 Memoria
1411 737 1600 781 Hercul.
1629 739 1728 779 116.

152 852 186 896 Π
220 795 288 839 fr.
315 795 397 838 III
429 794 513 839 col.
540 795 583 838 H
613 810 654 839 v.
682 800 706 838 2
756 795 952 853 Cynicos
994 798 1041 840 et
1074 796 1350 852 Cyrenaicos
1389 795 1694 853 philosophos
1725 795 1796 838 in-

103 855 151 897 te
191 867 215 896 e
254 854 301 897 ·t.

217 868 289 957 ξιξ.
314 912 382 958 IV
414 913 499 958 col.
524 912 558 956 I.
615 913 673 956 de
704 912 798 956 alio
831 926 1000 970 genere
1040 914 1282 958 hominum
1322 915 1463 970 atque
1495 914 1551 957 fr.
1576 913 1642 956 111
1672 927 1795 957 nunc

100 970 322 1027 loquitur,
355 972 413 1016 de
444 972 503 1015 iis
537 972 618 1028 qui
649 986 742 1015 non
776 975 936 1029 aperte
967 973 1184 1017 inutilem
1214 973 1560 1031 physiologiam
1603 972 1798 1027 ducunt,

0 1029 14 1062 3
103 1031 184 1075 sed
209 1045 282 1076 res
306 1046 400 1075 non
426 1032 757 1088 comprehendi
781 1045 918 1088 posse
942 1035 1125 1089 putant,
1150 1035 1203 1077 ut
1220 1032 1423 1089 Sceptici
1449 1035 1496 1076 et
1512 1032 1796 1076 Academici.

219 1105 259 1136 v.
286 1096 312 1134 5
360 1093 571 1147 ἐγβολῆς]
615 1091 644 1134 i.
679 1105 716 1134 e.
764 1092 955 1136 reiectio.
1027 1094 1259 1147 ἐκβάλλειν
1307 1105 1447 1149 saepe
1486 1091 1658 1135 habere
1705 1091 1798 1134 vim

3 1147 10 1154 ⁸
99 1150 321 1194 reiciendi
353 1153 511 1194 monet
544 1150 732 1195 Usener.

222 1225 262 1253 v.
289 1213 314 1251 6
349 1211 549 1265 σχήματι
579 1224 663 1266 pro
694 1212 987 1265 προσχήματι
1018 1212 1072 1253 ut
1104 1224 1242 1267 saepe
1276 1210 1370 1254 dici
1400 1210 1598 1253 videtur.

221 1284 261 1312 v.
299 1274 352 1311 12
409 1271 437 1312 ἃ
485 1270 658 1324 μήποθ’
697 1271 844 1326 eum]
899 1269 986 1312 ΗΚ
1024 1285 1069 1325 p.
1102 1274 1187 1313 437
1245 1272 1521 1326 comparant
1573 1269 1629 1313 fr.
1669 1268 1798 1312 XXV

101 1328 186 1371 col.
212 1328 231 1370 Ι
270 1344 311 1371 v.
340 1333 392 1371 13
441 1329 499 1373 εἰ.
522 1365 530 1372 .
551 1365 558 1372 .
581 1330 848 1383 ,ἐπίσκεψιν
887 1331 980 1384 εἶχε
993 1364 1143 1384 ......
1189 1331 1439 1383 ἐβούλοντο
1479 1330 1521 1373 δ’
1553 1330 1683 1372 οὗτοι
1713 1330 1798 1380 τὰς

14 1442 17 1443 ⁷
101 1388 268 1442 ἀρετὰς
307 1391 468 1444 λέγειν,
517 1389 542 1432 ὃ
576 1391 632 1443 δή
675 1392 750 1432 καὶ
782 1390 949 1444 ἀληθὲς
980 1390 1243 1444 ἐτύνχανεν,
1278 1391 1415 1434 οὐδὲν
1449 1388 1546 1432 ἄλλ’
1577 1390 1668 1432 ἔδει
1699 1403 1797 1431 ποι-

102 1453 181 1503 εῖν,
230 1450 340 1502 ἢ...
367 1448 417 1491 et
453 1448 507 1490 fr.
535 1447 618 1490 XII
658 1446 743 1492 col.
769 1448 832 1491 ΙΠ
870 1463 913 1492 v.
939 1454 964 1491 2
1013 1448 1050 1492 εἰ
1098 1449 1386 1502 ἀντιτεθήκει
1398 1483 1580 1502 .......
1629 1448 1798 1501 σχεδὸν

100 1507 306 1562 ἐγχειρεῖ.
368 1507 450 1551 sed
489 1506 576 1550 hoc
616 1503 882 1563 exemplum
924 1506 1064 1550 aliter
1096 1507 1467 1564 intellegendum
1509 1509 1600 1560 est,
1648 1519 1799 1561 neque

100 1565 150 1608 in
188 1566 270 1609 illo
312 1581 428 1622 opus
469 1567 570 1610 erat
610 1566 764 1610 dicere
811 1568 836 1610 ὃ
877 1570 933 1621 δὴ
969 1570 1042 1611 καὶ
1081 1568 1248 1622 ἀληθὲς
1289 1569 1539 1621 ἐτύνχανεν
1573 1567 1642 1620 ἂν,
1690 1580 1799 1608 nam

99 1638 257 1668 verum
290 1628 361 1669 est
392 1626 536 1670 etiam
573 1627 691 1677 tum,
735 1626 775 1669 si
806 1628 1045 1683 negarent.
1108 1629 1351 1682 praeterea
1381 1639 1571 1682 prorsus
1603 1624 1696 1667 alia
1729 1627 1799 1668 est

99 1698 173 1728 res
205 1685 253 1728 in
287 1685 520 1729 sententia
550 1685 745 1728 relativa
784 1699 903 1741 quae
943 1685 1134 1728 modum
1173 1685 1522 1730 coniunctivum
1553 1684 1698 1727 habet
1730 1686 1798 1727 at-

101 1757 190 1800 que
222 1745 271 1787 in
303 1745 498 1801 apodosi
531 1744 857 1788 condicionali.
920 1747 1078 1789 tamen
1120 1744 1240 1788 nihil
1279 1744 1558 1788 mutandum
1599 1745 1670 1787 est
1702 1743 1796 1800 (Us.

100 1804 319 1860 proponit
363 1805 392 1847 ἃ
440 1806 495 1848 οὐ
546 1804 718 1858 μήποθ’
766 1806 921 1860 εὕρη);
986 1804 1065 1848 cfr.
1114 1803 1246 1847 Blass
1290 1804 1494 1848 Gramm..
1536 1804 1578 1846 d.
1611 1808 1797 1847 ”mesa

105 1863 280 1908 Griech.
315 1867 339 1916 ξ
359 1869 428 1915 65,
450 1869 495 1907 7:
530 1862 645 1917 „Die
677 1863 987 1920 Moglichkeit
1020 1864 1101 1907 des
1132 1863 1331 1907 Fehlens
1364 1877 1452 1906 von
1486 1865 1542 1906 ἂν
1574 1861 1692 1904 wird
1724 1861 1801 1904 fiir

101 1924 228 1975 ὅστις
258 1923 532 1979 behauptet,
564 1922 675 1966 aber
705 1922 928 1980 nirgends
961 1923 1179 1966 stimmen
1211 1921 1303 1966 alle
1337 1922 1524 1979 Zeugen
1557 1926 1641 1964 zu⁶⁶
1667 1922 1799 1978 (cita-

99 1983 177 2025 tur
208 1981 375 2026 Matth.
404 1986 472 2035 10,
492 1986 561 2036 33,
593 1981 753 2026 Jacob.
781 1985 914 2038 2,1Ο)
955 1984 1003 2026 et
1034 1984 1167 2037 „6001
1199 1982 1319 2025 ohne
1352 1984 1408 2026 ἂν
1440 1981 1597 2024 Herm.
1621 1980 1664 2024 S.
1692 1980 1801 2023 VIII

102 2046 216 2095 11‚3
250 2041 459 2099 (2mal)“.
522 2054 643 2096 quae
676 2042 865 2097 quidem
905 2041 1139 2098 exempla,
1173 2055 1458 2097 quamquam
1500 2040 1644 2083 dubia
1676 2043 1799 2093 sunt,

101 2100 251 2158 magis
292 2101 353 2144 ad
393 2101 515 2143 hunc
555 2099 711 2144 locum
758 2101 1005 2157 quadrant.
1067 2100 1197 2144 locus
1237 2101 1438 2144 Hermae
1479 2099 1666 2144 Similit.
1692 2099 1802 2142 VIII

104 2164 155 2202 11
208 2165 232 2214 ξ
252 2165 277 2203 3
318 2160 462 2217 (apud
502 2159 914 2217 Hilgendorffium)
955 2161 1022 2204 sic
1059 2160 1254 2218 legitur:
1312 2162 1475 2215 ,,ὅσοι“
1515 2173 1673 2215 φησιν,
1722 2161 1799 2214 „ei

102 2221 213 2275 ὅλης
268 2221 456 2275 καρδίας
510 2221 669 2264 αὐτῶν
725 2221 1067 2276 [μετανοήσωσι
1122 2221 1215 2276 καὶ]
1271 2220 1555 2275 καθαρίσωσι
1603 2220 1802 2271 ἑαυτοὺς

105 2314 288 2334 .......
338 2280 567 2333 λήψονται
598 2280 733 2334 ἴασιν,
767 2281 870 2323 ὅσοι
901 2282 966 2335 δέ,
1000 2279 1130 2334 φησί,
1178 2283 1419 2334 προσθῶσι
1586 2281 1659 2321 καὶ
1691 2279 1802 2321 ἀνα-

107 2343 382 2394 στραφῶσιν
393 2373 543 2393 ......
578 2343 930 2394 κατακρινοῦσιν
963 2340 1159 2391 ἑαυτοὺς
1192 2338 1254 2390 εἰς
1285 2339 1501 2382 θάνατον.
1559 2338 1801 2393 praeterea

103 2399 230 2440 certa
275 2397 403 2441 illius
444 2398 620 2440 formae
661 2397 876 2454 exempla
918 2397 1144 2441 habemus
1185 2397 1248 2440 Le
1279 2400 1390 2449 Bas,
1434 2398 1636 2454 Voyaqes
1675 2397 1798 2440 arch.

101 2455 330 2511 111‚136a
362 2462 419 2500 44
459 2457 599 2512 (circa
631 2461 686 2500 86
729 2472 768 2501 a.
795 2456 936 2512 Chr.):
1001 2459 1104 2501 ὅσοι
1143 2458 1435 2510 ἀναλάβωσιν
1474 2458 1533 2500 τὰ
1574 2458 1694 2500 ὅπλα
1726 2459 1800 2499 καὶ

105 2551 114 2560 .
135 2551 143 2559 .
165 2552 203 2560 ..
230 2518 594 2571 ἀναγράψωνται
626 2519 673 2560 et
704 2516 823 2560 Bull.
851 2515 973 2560 Corr.
1000 2516 1055 2561 H.
1082 2516 1146 2559 VI
1162 2520 1249 2559 439
1281 2515 1354 2558 tit.
1374 2515 1576 2571 Palmyr.
1597 2515 1800 2571 (Ditten-

18 2591 21 2595 ’
102 2574 269 2632 berger
296 2576 370 2620 Or.
396 2578 530 2620 inser.
554 2575 597 2618 II
622 2577 725 2632 331)
756 2575 860 2619 HIb
886 2580 942 2619 90
975 2577 1027 2629 ὃς
1057 2577 1189 2628 κενὸς
1222 2575 1424 2630 εἰσαχθῆ.
1467 2574 1623 2618 omnia
1653 2573 1802 2630 igitur

104 2648 219 2678 sana
257 2636 386 2689 sunt,
434 2634 709 2691 praesertim
748 2649 853 2679 cum
891 2635 1081 2679 litterae
1121 2636 1150 2678 ἃ
1190 2635 1361 2689 μήποθ’
1393 2636 1505 2689 εὕρη
1545 2634 1594 2676 in
1636 2646 1801 2677 rasura

104 2693 217 2748 sint3
274 2697 508 2738 correctae
550 2695 698 2752 igitur
739 2698 868 2749 sunt,
916 2697 970 2738 ut
1012 2694 1066 2737 fr.
1100 2693 1121 2735 I
1165 2692 1268 2749 (HK
1294 2696 1367 2750 59)
1412 2692 1543 2736 coLI
1586 2708 1624 2736 v.
1654 2697 1707 2736 12
1754 2695 1801 2735 et

103 2752 310 2797 fr.XXV
355 2753 459 2810 (HK
492 2757 564 2811 66)
609 2754 741 2798 001.1
783 2769 822 2797 v.
853 2758 906 2797 ιο
951 2756 998 2797 et
1047 2754 1103 2797 fr.
1129 2752 1321 2795 XXXIX
1366 2752 1469 2810 (HK
1494 2754 1567 2809 65)
1601 2752 1644 2795 11
1691 2767 1730 2795 v.
1760 2757 1799 2794 1.
1859 2771 1864 2775 -

106 2825 255 2856 sermo
287 2813 493 2870 vulgaris
526 2815 609 2856 est.

223 2871 308 2916 col.
333 2871 375 2914 H
406 2887 445 2915 v.
475 2879 494 2916 1
539 2873 779 2928 ἐμβαίνειν,
825 2872 951 2928 quod
991 2871 1227 2928 supplevi,
1273 2885 1378 2914 cum
1419 2871 1685 2914 accusativo
1718 2869 1801 2914 cfr.

106 2930 254 2975 Praef.
279 2946 322 2987 p.
352 2930 484 2974 XLII.
