<?xml version="1.0" encoding="UTF-8"?>
<!DOCTYPE html PUBLIC "-//W3C//DTD XHTML 1.0 Transitional//EN"
    "http://www.w3.org/TR/xhtml1/DTD/xhtml1-transitional.dtd">
<html xmlns="http://www.w3.org/1999/xhtml" xml:lang="en" lang="en">
 <head>
  <title>
</title>
<meta http-equiv="Content-Type" content="text/html;charset=utf-8" />
  <meta name='ocr-system' content='tesseract 3.04.00' />
  <meta name='ocr-capabilities' content='ocr_page ocr_carea ocr_par ocr_line ocrx_word'/>
</head>
<body>
  <div class='ocr_page' id='page_1' title='image "./fragmentaordinav00dioguoft_0029.png"; bbox 0 0 2066 3146; ppageno 0'>
   <div class='ocr_carea' id='block_1_1' title="bbox 817 117 1179 161">
    <p class='ocr_par' dir='ltr' id='par_1_1' title="bbox 817 117 1179 161">
     <span class='ocr_line' id='line_1_1' title="bbox 817 117 1179 161; baseline 0 -11"><span class='ocrx_word' id='word_1_1' title='bbox 817 117 1179 161; x_wconf 69' lang='lat' dir='ltr'><strong>—xxv-</strong></span> 
     </span>
    </p>
   </div>
   <div class='ocr_carea' id='block_1_2' title="bbox 151 258 1847 1431">
    <p class='ocr_par' dir='ltr' id='par_1_2' title="bbox 151 258 1839 455">
     <span class='ocr_line' id='line_1_2' title="bbox 153 258 1839 320; baseline -0.001 -13"><span class='ocrx_word' id='word_1_2' title='bbox 153 259 502 308; x_wconf 80' lang='lat' dir='ltr'>secernendum</span> <span class='ocrx_word' id='word_1_3' title='bbox 549 274 651 306; x_wconf 89' lang='lat' dir='ltr'>esse</span> <span class='ocrx_word' id='word_1_4' title='bbox 698 258 1032 319; x_wconf 78' lang='lat' dir='ltr'>ostenderent,</span> <span class='ocrx_word' id='word_1_5' title='bbox 1078 260 1246 306; x_wconf 89' lang='lat' dir='ltr'>tamen</span> <span class='ocrx_word' id='word_1_6' title='bbox 1300 258 1495 320; x_wconf 87' lang='lat' dir='ltr'>reliqua</span> <span class='ocrx_word' id='word_1_7' title='bbox 1548 261 1839 320; x_wconf 88' lang='lat' dir='ltr'>argumenta</span> 
     </span>
     <span class='ocr_line' id='line_1_3' title="bbox 154 331 1839 394; baseline -0.001 -14"><span class='ocrx_word' id='word_1_8' title='bbox 154 334 273 382; x_wconf 84' lang='lat' dir='ltr'>satis</span> <span class='ocrx_word' id='word_1_9' title='bbox 319 333 496 381; x_wconf 83' lang='lat' dir='ltr'>idonea</span> <span class='ocrx_word' id='word_1_10' title='bbox 544 348 646 381; x_wconf 87' lang='lat' dir='ltr'>esse</span> <span class='ocrx_word' id='word_1_11' title='bbox 694 334 996 394; x_wconf 88' lang='lat' dir='ltr'>putaverunt</span> <span class='ocrx_word' id='word_1_12' title='bbox 1042 331 1104 379; x_wconf 90' lang='lat' dir='ltr'>ad</span> <span class='ocrx_word' id='word_1_13' title='bbox 1145 332 1386 394; x_wconf 87' lang='lat' dir='ltr'>originem</span> <span class='ocrx_word' id='word_1_14' title='bbox 1426 332 1720 392; x_wconf 84' lang='lat' dir='ltr'>Epicuream</span> <span class='ocrx_word' id='word_1_15' title='bbox 1761 332 1839 378; x_wconf 90' lang='lat' dir='ltr'>de-</span> 
     </span>
     <span class='ocr_line' id='line_1_4' title="bbox 151 407 535 455; baseline -0.008 0"><span class='ocrx_word' id='word_1_16' title='bbox 151 407 535 455; x_wconf 75' lang='lat' dir='ltr'>monstrandam.</span> 
     </span>
    </p>

    <p class='ocr_par' dir='ltr' id='par_1_3' title="bbox 152 480 1847 1431">
     <span class='ocr_line' id='line_1_5' title="bbox 267 480 1840 542; baseline -0.002 -13"><span class='ocrx_word' id='word_1_17' title='bbox 267 481 361 529; x_wconf 89' lang='lat' dir='ltr'>Sed</span> <span class='ocrx_word' id='word_1_18' title='bbox 400 496 499 528; x_wconf 90' lang='lat' dir='ltr'>non</span> <span class='ocrx_word' id='word_1_19' title='bbox 547 480 668 528; x_wconf 84' lang='lat' dir='ltr'>satis</span> <span class='ocrx_word' id='word_1_20' title='bbox 715 482 790 527; x_wconf 90' lang='lat' dir='ltr'>est</span> <span class='ocrx_word' id='word_1_21' title='bbox 830 496 1068 542; x_wconf 88' lang='lat' dir='ltr'>exponere</span> <span class='ocrx_word' id='word_1_22' title='bbox 1111 496 1207 528; x_wconf 91' lang='lat' dir='ltr'>non</span> <span class='ocrx_word' id='word_1_23' title='bbox 1248 481 1460 527; x_wconf 89' lang='lat' dir='ltr'>multum</span> <span class='ocrx_word' id='word_1_24' title='bbox 1499 480 1664 527; x_wconf 87' lang='lat' dir='ltr'>valere</span> <span class='ocrx_word' id='word_1_25' title='bbox 1697 496 1840 542; x_wconf 88' lang='lat' dir='ltr'>argu-</span> 
     </span>
     <span class='ocr_line' id='line_1_6' title="bbox 152 553 1842 616; baseline -0.002 -13"><span class='ocrx_word' id='word_1_26' title='bbox 152 557 322 603; x_wconf 88' lang='lat' dir='ltr'>menta</span> <span class='ocrx_word' id='word_1_27' title='bbox 370 570 494 616; x_wconf 87' lang='lat' dir='ltr'>quae</span> <span class='ocrx_word' id='word_1_28' title='bbox 540 557 906 615; x_wconf 84' lang='lat' dir='ltr'>proponuntur,</span> <span class='ocrx_word' id='word_1_29' title='bbox 954 570 1065 602; x_wconf 90' lang='lat' dir='ltr'>cum</span> <span class='ocrx_word' id='word_1_30' title='bbox 1110 555 1277 601; x_wconf 88' lang='lat' dir='ltr'>tamen</span> <span class='ocrx_word' id='word_1_31' title='bbox 1326 554 1509 615; x_wconf 89' lang='lat' dir='ltr'>aliquis</span> <span class='ocrx_word' id='word_1_32' title='bbox 1557 555 1679 602; x_wconf 87' lang='lat' dir='ltr'>satis</span> <span class='ocrx_word' id='word_1_33' title='bbox 1725 553 1842 600; x_wconf 87' lang='lat' dir='ltr'>fidei</span> 
     </span>
     <span class='ocr_line' id='line_1_7' title="bbox 153 626 1842 677; baseline -0.002 0"><span class='ocrx_word' id='word_1_34' title='bbox 153 630 363 677; x_wconf 87' lang='lat' dir='ltr'>fortasse</span> <span class='ocrx_word' id='word_1_35' title='bbox 416 628 608 675; x_wconf 88' lang='lat' dir='ltr'>tribuat</span> <span class='ocrx_word' id='word_1_36' title='bbox 662 631 712 675; x_wconf 86' lang='lat' dir='ltr'>et</span> <span class='ocrx_word' id='word_1_37' title='bbox 766 628 1080 675; x_wconf 89' lang='lat' dir='ltr'>similitudini</span> <span class='ocrx_word' id='word_1_38' title='bbox 1136 628 1207 675; x_wconf 91' lang='lat' dir='ltr'>rei</span> <span class='ocrx_word' id='word_1_39' title='bbox 1262 631 1312 675; x_wconf 88' lang='lat' dir='ltr'>et</span> <span class='ocrx_word' id='word_1_40' title='bbox 1367 626 1584 676; x_wconf 86' lang='lat' dir='ltr'>Cleontis</span> <span class='ocrx_word' id='word_1_41' title='bbox 1638 628 1842 675; x_wconf 80' lang='lat' dir='ltr'>nomini.</span> 
     </span>
     <span class='ocr_line' id='line_1_8' title="bbox 154 701 1841 765; baseline -0.002 -14"><span class='ocrx_word' id='word_1_42' title='bbox 154 705 326 765; x_wconf 87' lang='lat' dir='ltr'>itaque</span> <span class='ocrx_word' id='word_1_43' title='bbox 366 719 390 749; x_wconf 90' lang='lat' dir='ltr'>e</span> <span class='ocrx_word' id='word_1_44' title='bbox 431 703 679 750; x_wconf 87' lang='lat' dir='ltr'>contrario</span> <span class='ocrx_word' id='word_1_45' title='bbox 718 702 920 763; x_wconf 83' lang='lat' dir='ltr'>probari</span> <span class='ocrx_word' id='word_1_46' title='bbox 950 702 1159 750; x_wconf 83' lang='lat' dir='ltr'>fortasse</span> <span class='ocrx_word' id='word_1_47' title='bbox 1198 704 1363 764; x_wconf 89' lang='lat' dir='ltr'>potest</span> <span class='ocrx_word' id='word_1_48' title='bbox 1394 702 1455 749; x_wconf 89' lang='lat' dir='ltr'>ab</span> <span class='ocrx_word' id='word_1_49' title='bbox 1487 701 1702 764; x_wconf 84' lang='lat' dir='ltr'>Epicuro</span> <span class='ocrx_word' id='word_1_50' title='bbox 1736 702 1841 762; x_wconf 89' lang='lat' dir='ltr'>qui·</span> 
     </span>
     <span class='ocr_line' id='line_1_9' title="bbox 155 775 1846 838; baseline -0.001 -14"><span class='ocrx_word' id='word_1_51' title='bbox 155 777 266 824; x_wconf 92' lang='lat' dir='ltr'>dem</span> <span class='ocrx_word' id='word_1_52' title='bbox 305 775 568 838; x_wconf 85' lang='lat' dir='ltr'>epistulam</span> <span class='ocrx_word' id='word_1_53' title='bbox 609 776 757 823; x_wconf 86' lang='lat' dir='ltr'>scribi</span> <span class='ocrx_word' id='word_1_54' title='bbox 795 792 893 823; x_wconf 91' lang='lat' dir='ltr'>non</span> <span class='ocrx_word' id='word_1_55' title='bbox 933 776 1164 838; x_wconf 88' lang='lat' dir='ltr'>potuisse.</span> <span class='ocrx_word' id='word_1_56' title='bbox 1220 775 1351 838; x_wconf 90' lang='lat' dir='ltr'>quod</span> <span class='ocrx_word' id='word_1_57' title='bbox 1384 776 1652 824; x_wconf 88' lang='lat' dir='ltr'>certissime</span> <span class='ocrx_word' id='word_1_58' title='bbox 1685 776 1846 823; x_wconf 89' lang='lat' dir='ltr'>evinci</span> 
     </span>
     <span class='ocr_line' id='line_1_10' title="bbox 156 850 1845 913; baseline -0.001 -15"><span class='ocrx_word' id='word_1_59' title='bbox 156 866 299 913; x_wconf 90' lang='lat' dir='ltr'>posse</span> <span class='ocrx_word' id='word_1_60' title='bbox 339 852 462 912; x_wconf 93' lang='lat' dir='ltr'>puto</span> <span class='ocrx_word' id='word_1_61' title='bbox 496 865 716 898; x_wconf 88' lang='lat' dir='ltr'>sermone</span> <span class='ocrx_word' id='word_1_62' title='bbox 747 850 893 898; x_wconf 90' lang='lat' dir='ltr'>huius</span> <span class='ocrx_word' id='word_1_63' title='bbox 927 851 1168 912; x_wconf 83' lang='lat' dir='ltr'>epistulae</span> <span class='ocrx_word' id='word_1_64' title='bbox 1210 866 1320 898; x_wconf 92' lang='lat' dir='ltr'>cum</span> <span class='ocrx_word' id='word_1_65' title='bbox 1352 850 1558 911; x_wconf 89' lang='lat' dir='ltr'>Epicuri</span> <span class='ocrx_word' id='word_1_66' title='bbox 1588 865 1714 912; x_wconf 89' lang='lat' dir='ltr'>quae</span> <span class='ocrx_word' id='word_1_67' title='bbox 1747 865 1845 897; x_wconf 90' lang='lat' dir='ltr'>ser-</span> 
     </span>
     <span class='ocr_line' id='line_1_11' title="bbox 155 923 1843 986; baseline -0.001 -14"><span class='ocrx_word' id='word_1_68' title='bbox 155 928 272 972; x_wconf 85' lang='lat' dir='ltr'>vata</span> <span class='ocrx_word' id='word_1_69' title='bbox 311 927 427 971; x_wconf 90' lang='lat' dir='ltr'>sunt</span> <span class='ocrx_word' id='word_1_70' title='bbox 465 924 662 986; x_wconf 89' lang='lat' dir='ltr'>scriptis</span> <span class='ocrx_word' id='word_1_71' title='bbox 702 924 897 971; x_wconf 86' lang='lat' dir='ltr'>collato.</span> <span class='ocrx_word' id='word_1_72' title='bbox 969 941 1118 986; x_wconf 87' lang='lat' dir='ltr'>quam</span> <span class='ocrx_word' id='word_1_73' title='bbox 1157 926 1496 985; x_wconf 90' lang='lat' dir='ltr'>quaestionem</span> <span class='ocrx_word' id='word_1_74' title='bbox 1528 925 1602 971; x_wconf 88' lang='lat' dir='ltr'>ita</span> <span class='ocrx_word' id='word_1_75' title='bbox 1632 923 1843 980; x_wconf 83' lang='lat' dir='ltr'>institui,</span> 
     </span>
     <span class='ocr_line' id='line_1_12' title="bbox 156 998 1846 1060; baseline -0.001 -14"><span class='ocrx_word' id='word_1_76' title='bbox 156 1002 213 1046; x_wconf 88' lang='lat' dir='ltr'>ut</span> <span class='ocrx_word' id='word_1_77' title='bbox 262 999 475 1060; x_wconf 88' lang='lat' dir='ltr'>primum</span> <span class='ocrx_word' id='word_1_78' title='bbox 528 998 787 1045; x_wconf 87' lang='lat' dir='ltr'>verborum</span> <span class='ocrx_word' id='word_1_79' title='bbox 840 1001 891 1045; x_wconf 90' lang='lat' dir='ltr'>in</span> <span class='ocrx_word' id='word_1_80' title='bbox 945 998 1150 1060; x_wconf 89' lang='lat' dir='ltr'>Epicuri</span> <span class='ocrx_word' id='word_1_81' title='bbox 1207 999 1403 1059; x_wconf 89' lang='lat' dir='ltr'>scriptis</span> <span class='ocrx_word' id='word_1_82' title='bbox 1454 1001 1504 1045; x_wconf 87' lang='lat' dir='ltr'>et</span> <span class='ocrx_word' id='word_1_83' title='bbox 1552 998 1846 1060; x_wconf 84' lang='lat' dir='ltr'>fragmentis</span> 
     </span>
     <span class='ocr_line' id='line_1_13' title="bbox 156 1071 1846 1134; baseline -0.001 -14"><span class='ocrx_word' id='word_1_84' title='bbox 156 1072 454 1120; x_wconf 87' lang='lat' dir='ltr'>traditorum</span> <span class='ocrx_word' id='word_1_85' title='bbox 492 1072 705 1120; x_wconf 89' lang='lat' dir='ltr'>indicem</span> <span class='ocrx_word' id='word_1_86' title='bbox 745 1074 1119 1134; x_wconf 88' lang='lat' dir='ltr'>composuerim,</span> <span class='ocrx_word' id='word_1_87' title='bbox 1159 1071 1333 1119; x_wconf 89' lang='lat' dir='ltr'>deinde</span> <span class='ocrx_word' id='word_1_88' title='bbox 1363 1072 1589 1132; x_wconf 82' lang='lat' dir='ltr'>viderim,</span> <span class='ocrx_word' id='word_1_89' title='bbox 1628 1088 1754 1133; x_wconf 85' lang='lat' dir='ltr'>quae</span> <span class='ocrx_word' id='word_1_90' title='bbox 1793 1071 1846 1118; x_wconf 92' lang='lat' dir='ltr'>in</span> 
     </span>
     <span class='ocr_line' id='line_1_14' title="bbox 156 1146 1846 1208; baseline 0.001 -15"><span class='ocrx_word' id='word_1_91' title='bbox 156 1147 248 1194; x_wconf 88' lang='lat' dir='ltr'>hac</span> <span class='ocrx_word' id='word_1_92' title='bbox 295 1147 510 1208; x_wconf 85' lang='lat' dir='ltr'>epistula</span> <span class='ocrx_word' id='word_1_93' title='bbox 565 1148 761 1194; x_wconf 83' lang='lat' dir='ltr'>exstant</span> <span class='ocrx_word' id='word_1_94' title='bbox 806 1146 956 1194; x_wconf 87' lang='lat' dir='ltr'>verba</span> <span class='ocrx_word' id='word_1_95' title='bbox 1007 1149 1175 1194; x_wconf 86' lang='lat' dir='ltr'>utrum</span> <span class='ocrx_word' id='word_1_96' title='bbox 1222 1146 1283 1193; x_wconf 87' lang='lat' dir='ltr'>ab</span> <span class='ocrx_word' id='word_1_97' title='bbox 1332 1146 1550 1208; x_wconf 86' lang='lat' dir='ltr'>Epicuro</span> <span class='ocrx_word' id='word_1_98' title='bbox 1605 1147 1846 1207; x_wconf 76' lang='lat' dir='ltr'>usurpata</span> 
     </span>
     <span class='ocr_line' id='line_1_15' title="bbox 158 1220 1846 1282; baseline -0.001 -14"><span class='ocrx_word' id='word_1_99' title='bbox 158 1222 258 1269; x_wconf 91' lang='lat' dir='ltr'>sint</span> <span class='ocrx_word' id='word_1_100' title='bbox 296 1237 463 1279; x_wconf 88' lang='lat' dir='ltr'>necne,</span> <span class='ocrx_word' id='word_1_101' title='bbox 502 1223 609 1268; x_wconf 90' lang='lat' dir='ltr'>tum</span> <span class='ocrx_word' id='word_1_102' title='bbox 642 1236 713 1281; x_wconf 85' lang='lat' dir='ltr'>ea,</span> <span class='ocrx_word' id='word_1_103' title='bbox 746 1221 924 1282; x_wconf 87' lang='lat' dir='ltr'>quibus</span> <span class='ocrx_word' id='word_1_104' title='bbox 956 1221 1042 1267; x_wconf 91' lang='lat' dir='ltr'>ille</span> <span class='ocrx_word' id='word_1_105' title='bbox 1073 1237 1172 1268; x_wconf 87' lang='lat' dir='ltr'>non</span> <span class='ocrx_word' id='word_1_106' title='bbox 1204 1221 1377 1280; x_wconf 81' lang='lat' dir='ltr'>utitur,</span> <span class='ocrx_word' id='word_1_107' title='bbox 1411 1220 1542 1282; x_wconf 90' lang='lat' dir='ltr'>apud</span> <span class='ocrx_word' id='word_1_108' title='bbox 1575 1235 1696 1281; x_wconf 90' lang='lat' dir='ltr'>quos</span> <span class='ocrx_word' id='word_1_109' title='bbox 1730 1221 1846 1267; x_wconf 88' lang='lat' dir='ltr'>scri-</span> 
     </span>
     <span class='ocr_line' id='line_1_16' title="bbox 157 1294 1847 1356; baseline -0.001 -14"><span class='ocrx_word' id='word_1_110' title='bbox 157 1298 325 1356; x_wconf 87' lang='lat' dir='ltr'>ptores</span> <span class='ocrx_word' id='word_1_111' title='bbox 373 1298 423 1342; x_wconf 86' lang='lat' dir='ltr'>et</span> <span class='ocrx_word' id='word_1_112' title='bbox 470 1310 567 1355; x_wconf 87' lang='lat' dir='ltr'>qua</span> <span class='ocrx_word' id='word_1_113' title='bbox 616 1296 779 1342; x_wconf 85' lang='lat' dir='ltr'>aetate</span> <span class='ocrx_word' id='word_1_114' title='bbox 818 1296 1138 1342; x_wconf 82' lang='lat' dir='ltr'>inveniantur</span> <span class='ocrx_word' id='word_1_115' title='bbox 1181 1294 1544 1355; x_wconf 82' lang='lat' dir='ltr'>exquisiverim,</span> <span class='ocrx_word' id='word_1_116' title='bbox 1584 1295 1847 1356; x_wconf 83' lang='lat' dir='ltr'>praecipue</span> 
     </span>
     <span class='ocr_line' id='line_1_17' title="bbox 158 1368 1846 1431; baseline -0.001 -15"><span class='ocrx_word' id='word_1_117' title='bbox 158 1372 343 1428; x_wconf 85' lang='lat' dir='ltr'>autem,</span> <span class='ocrx_word' id='word_1_118' title='bbox 382 1371 549 1416; x_wconf 91' lang='lat' dir='ltr'>utrum</span> <span class='ocrx_word' id='word_1_119' title='bbox 590 1369 796 1431; x_wconf 90' lang='lat' dir='ltr'>Epicuri</span> <span class='ocrx_word' id='word_1_120' title='bbox 833 1368 1137 1430; x_wconf 87' lang='lat' dir='ltr'>temporibus</span> <span class='ocrx_word' id='word_1_121' title='bbox 1169 1370 1271 1416; x_wconf 86' lang='lat' dir='ltr'>iam</span> <span class='ocrx_word' id='word_1_122' title='bbox 1302 1369 1488 1416; x_wconf 85' lang='lat' dir='ltr'>usitata</span> <span class='ocrx_word' id='word_1_123' title='bbox 1521 1369 1708 1416; x_wconf 90' lang='lat' dir='ltr'>fuerint</span> <span class='ocrx_word' id='word_1_124' title='bbox 1738 1383 1846 1415; x_wconf 88' lang='lat' dir='ltr'>nec-</span> 
     </span>
    </p>
   </div>
   <div class='ocr_carea' id='block_1_3' title="bbox 158 1440 1886 2987">
    <p class='ocr_par' dir='ltr' id='par_1_4' title="bbox 158 1440 1850 1578">
     <span class='ocr_line' id='line_1_18' title="bbox 158 1440 1850 1507; baseline -0.001 -18"><span class='ocrx_word' id='word_1_125' title='bbox 158 1460 231 1490; x_wconf 91' lang='lat' dir='ltr'>ne.</span> <span class='ocrx_word' id='word_1_126' title='bbox 309 1458 583 1504; x_wconf 89' lang='lat' dir='ltr'>proponam</span> <span class='ocrx_word' id='word_1_127' title='bbox 630 1442 786 1507; x_wconf 84' lang='lat' dir='ltr'>igitur</span> <span class='ocrx_word' id='word_1_128' title='bbox 830 1442 1043 1490; x_wconf 91' lang='lat' dir='ltr'>indicem</span> <span class='ocrx_word' id='word_1_129' title='bbox 1089 1458 1259 1490; x_wconf 88' lang='lat' dir='ltr'>eorum</span> <span class='ocrx_word' id='word_1_130' title='bbox 1299 1442 1581 1502; x_wconf 86' lang='lat' dir='ltr'>verborum,</span> <span class='ocrx_word' id='word_1_131' title='bbox 1622 1458 1746 1503; x_wconf 90' lang='lat' dir='ltr'>quae</span> <span class='ocrx_word' id='word_1_132' title='bbox 1787 1440 1850 1488; x_wconf 88' lang='lat' dir='ltr'>ad</span> 
     </span>
     <span class='ocr_line' id='line_1_19' title="bbox 158 1517 1160 1578; baseline 0 -14"><span class='ocrx_word' id='word_1_133' title='bbox 158 1518 284 1564; x_wconf 89' lang='lat' dir='ltr'>hanc</span> <span class='ocrx_word' id='word_1_134' title='bbox 326 1517 664 1578; x_wconf 89' lang='lat' dir='ltr'>quaestionem</span> <span class='ocrx_word' id='word_1_135' title='bbox 703 1517 843 1564; x_wconf 87' lang='lat' dir='ltr'>nobis</span> <span class='ocrx_word' id='word_1_136' title='bbox 882 1518 994 1564; x_wconf 91' lang='lat' dir='ltr'>usui</span> <span class='ocrx_word' id='word_1_137' title='bbox 1034 1519 1160 1564; x_wconf 91' lang='lat' dir='ltr'>sunt.</span> 
     </span>
    </p>

    <p class='ocr_par' dir='ltr' id='par_1_5' title="bbox 160 1585 1886 2987">
     <span class='ocr_line' id='line_1_20' title="bbox 272 1585 1849 1655; baseline -0.001 -17"><span class='ocrx_word' id='word_1_138' title='bbox 272 1587 862 1652; x_wconf 85' lang='grc' dir='ltr'>ἀντιλαμβάνεσθαι</span> <span class='ocrx_word' id='word_1_139' title='bbox 898 1585 979 1655; x_wconf 85' lang='lat' dir='ltr'>(fr.</span> <span class='ocrx_word' id='word_1_140' title='bbox 1006 1590 1166 1637; x_wconf 91' lang='lat' dir='ltr'>LXIV</span> <span class='ocrx_word' id='word_1_141' title='bbox 1192 1591 1325 1639; x_wconf 88' lang='lat' dir='ltr'>col.I</span> <span class='ocrx_word' id='word_1_142' title='bbox 1358 1607 1401 1637; x_wconf 90' lang='lat' dir='ltr'>v.</span> <span class='ocrx_word' id='word_1_143' title='bbox 1422 1593 1452 1638; x_wconf 99' lang='grc'>2</span> <span class='ocrx_word' id='word_1_144' title='bbox 1473 1612 1527 1627; x_wconf 96' lang='lat'><strong><em>=</em></strong></span> <span class='ocrx_word' id='word_1_145' title='bbox 1548 1590 1651 1637; x_wconf 91' lang='lat' dir='ltr'>HK</span> <span class='ocrx_word' id='word_1_146' title='bbox 1685 1590 1742 1637; x_wconf 86' lang='lat' dir='ltr'>fr.</span> <span class='ocrx_word' id='word_1_147' title='bbox 1765 1590 1849 1649; x_wconf 87' lang='lat'>21,</span> 
     </span>
     <span class='ocr_line' id='line_1_21' title="bbox 160 1658 1848 1731; baseline -0.001 -19"><span class='ocrx_word' id='word_1_148' title='bbox 160 1666 248 1712; x_wconf 92' lang='grc'>001.</span> <span class='ocrx_word' id='word_1_149' title='bbox 272 1665 299 1712; x_wconf 96' lang='grc' dir='ltr'>Ι</span> <span class='ocrx_word' id='word_1_150' title='bbox 330 1682 374 1712; x_wconf 87' lang='lat' dir='ltr'>v.</span> <span class='ocrx_word' id='word_1_151' title='bbox 404 1659 459 1731; x_wconf 84' lang='lat'>2)</span> <span class='ocrx_word' id='word_1_152' title='bbox 494 1681 551 1712; x_wconf 91' lang='lat' dir='ltr'>ea</span> <span class='ocrx_word' id='word_1_153' title='bbox 592 1681 743 1726; x_wconf 89' lang='lat' dir='ltr'>quam</span> <span class='ocrx_word' id='word_1_154' title='bbox 781 1665 860 1713; x_wconf 89' lang='lat' dir='ltr'>hic</span> <span class='ocrx_word' id='word_1_155' title='bbox 906 1664 1057 1712; x_wconf 90' lang='lat' dir='ltr'>habet</span> <span class='ocrx_word' id='word_1_156' title='bbox 1103 1664 1514 1728; x_wconf 87' lang='lat' dir='ltr'>significationem</span> <span class='ocrx_word' id='word_1_157' title='bbox 1555 1658 1635 1730; x_wconf 66' lang='grc' dir='ltr'>(Ξ</span> <span class='ocrx_word' id='word_1_158' title='bbox 1662 1659 1848 1712; x_wconf 88' lang='grc' dir='ltr'>αἰσθά-</span> 
     </span>
     <span class='ocr_line' id='line_1_22' title="bbox 161 1732 1850 1804; baseline -0.002 -17"><span class='ocrx_word' id='word_1_159' title='bbox 161 1740 369 1796; x_wconf 87' lang='grc' dir='ltr'>νεσθαι,</span> <span class='ocrx_word' id='word_1_160' title='bbox 401 1732 676 1804; x_wconf 76' lang='lat' dir='ltr'>percipere)</span> <span class='ocrx_word' id='word_1_161' title='bbox 723 1755 884 1800; x_wconf 91' lang='lat' dir='ltr'>neque</span> <span class='ocrx_word' id='word_1_162' title='bbox 925 1739 986 1786; x_wconf 89' lang='lat' dir='ltr'>ab</span> <span class='ocrx_word' id='word_1_163' title='bbox 1027 1739 1243 1800; x_wconf 87' lang='lat' dir='ltr'>Epicuro</span> <span class='ocrx_word' id='word_1_164' title='bbox 1282 1740 1552 1800; x_wconf 87' lang='lat' dir='ltr'>usurpatur</span> <span class='ocrx_word' id='word_1_165' title='bbox 1589 1754 1748 1800; x_wconf 90' lang='lat' dir='ltr'>neque</span> <span class='ocrx_word' id='word_1_166' title='bbox 1788 1737 1850 1784; x_wconf 88' lang='lat' dir='ltr'>ab</span> 
     </span>
     <span class='ocr_line' id='line_1_23' title="bbox 160 1813 1853 1876; baseline -0.001 -16"><span class='ocrx_word' id='word_1_167' title='bbox 160 1814 263 1861; x_wconf 90' lang='lat' dir='ltr'>ullo</span> <span class='ocrx_word' id='word_1_168' title='bbox 305 1816 419 1861; x_wconf 87' lang='lat' dir='ltr'>ante</span> <span class='ocrx_word' id='word_1_169' title='bbox 458 1813 729 1876; x_wconf 87' lang='lat' dir='ltr'>Epicurum</span> <span class='ocrx_word' id='word_1_170' title='bbox 769 1814 1019 1875; x_wconf 83' lang='lat' dir='ltr'>scriptore.</span> <span class='ocrx_word' id='word_1_171' title='bbox 1090 1829 1248 1875; x_wconf 91' lang='lat' dir='ltr'>neque</span> <span class='ocrx_word' id='word_1_172' title='bbox 1288 1813 1418 1860; x_wconf 90' lang='lat' dir='ltr'>enim</span> <span class='ocrx_word' id='word_1_173' title='bbox 1451 1828 1576 1874; x_wconf 89' lang='lat' dir='ltr'>quae</span> <span class='ocrx_word' id='word_1_174' title='bbox 1616 1813 1853 1875; x_wconf 83' lang='lat' dir='ltr'>leguntur</span> 
     </span>
     <span class='ocr_line' id='line_1_24' title="bbox 160 1882 1849 1950; baseline 0 -16"><span class='ocrx_word' id='word_1_175' title='bbox 160 1886 294 1935; x_wconf 82' lang='lat' dir='ltr'>Plut.</span> <span class='ocrx_word' id='word_1_176' title='bbox 343 1888 452 1934; x_wconf 89' lang='lat' dir='ltr'>adv.</span> <span class='ocrx_word' id='word_1_177' title='bbox 503 1887 603 1936; x_wconf 83' lang='lat' dir='ltr'>Col.</span> <span class='ocrx_word' id='word_1_178' title='bbox 640 1890 670 1936; x_wconf 85' lang='lat'>5</span> <span class='ocrx_word' id='word_1_179' title='bbox 710 1905 757 1950; x_wconf 90' lang='lat' dir='ltr'>p.</span> <span class='ocrx_word' id='word_1_180' title='bbox 795 1888 986 1936; x_wconf 86' lang='lat' dir='ltr'>1109d</span> <span class='ocrx_word' id='word_1_181' title='bbox 1025 1884 1379 1936; x_wconf 79' lang='grc' dir='ltr'>διδάσκουσιν</span> <span class='ocrx_word' id='word_1_182' title='bbox 1420 1884 1495 1946; x_wconf 82' lang='grc' dir='ltr'>ὡς</span> <span class='ocrx_word' id='word_1_183' title='bbox 1537 1882 1849 1946; x_wconf 89' lang='grc' dir='ltr'>ἀναπεφυρ-</span> 
     </span>
     <span class='ocr_line' id='line_1_25' title="bbox 164 1956 1850 2023; baseline -0.002 -13"><span class='ocrx_word' id='word_1_184' title='bbox 164 1958 338 2020; x_wconf 86' lang='grc' dir='ltr'>μένων</span> <span class='ocrx_word' id='word_1_185' title='bbox 386 1959 470 2010; x_wconf 89' lang='grc' dir='ltr'>καὶ</span> <span class='ocrx_word' id='word_1_186' title='bbox 517 1959 960 2023; x_wconf 86' lang='grc' dir='ltr'>συμμεμιγμένων</span> <span class='ocrx_word' id='word_1_187' title='bbox 1009 1957 1144 2021; x_wconf 84' lang='grc' dir='ltr'>ὁμοῦ</span> <span class='ocrx_word' id='word_1_188' title='bbox 1192 1975 1239 2008; x_wconf 91' lang='grc' dir='ltr'>τι</span> <span class='ocrx_word' id='word_1_189' title='bbox 1287 1957 1529 2017; x_wconf 87' lang='grc' dir='ltr'>πάντων,</span> <span class='ocrx_word' id='word_1_190' title='bbox 1580 1956 1748 2008; x_wconf 85' lang='grc' dir='ltr'>ἄλλου</span> <span class='ocrx_word' id='word_1_191' title='bbox 1797 1956 1850 2007; x_wconf 79' lang='grc' dir='ltr'>δ’</span> 
     </span>
     <span class='ocr_line' id='line_1_26' title="bbox 164 2030 1850 2100; baseline -0.001 -17"><span class='ocrx_word' id='word_1_192' title='bbox 164 2030 311 2100; x_wconf 83' lang='grc' dir='ltr'>ἄλλῳ</span> <span class='ocrx_word' id='word_1_193' title='bbox 351 2033 661 2096; x_wconf 85' lang='grc' dir='ltr'>πεφυκότος</span> <span class='ocrx_word' id='word_1_194' title='bbox 710 2032 1066 2096; x_wconf 79' lang='grc' dir='ltr'>ἐναρμόττειν,</span> <span class='ocrx_word' id='word_1_195' title='bbox 1116 2032 1214 2084; x_wconf 89' lang='grc' dir='ltr'>οὐκ</span> <span class='ocrx_word' id='word_1_196' title='bbox 1253 2031 1368 2083; x_wconf 83' lang='grc' dir='ltr'>ἔστι</span> <span class='ocrx_word' id='word_1_197' title='bbox 1400 2034 1494 2094; x_wconf 87' lang='grc' dir='ltr'>τῆς</span> <span class='ocrx_word' id='word_1_198' title='bbox 1536 2031 1700 2094; x_wconf 84' lang='grc' dir='ltr'>αὐτῆς</span> <span class='ocrx_word' id='word_1_199' title='bbox 1733 2047 1850 2082; x_wconf 88' lang='grc' dir='ltr'>ποι-</span> 
     </span>
     <span class='ocr_line' id='line_1_27' title="bbox 165 2105 1854 2170; baseline -0.001 -13"><span class='ocrx_word' id='word_1_200' title='bbox 165 2106 358 2169; x_wconf 88' lang='grc' dir='ltr'>ότητος</span> <span class='ocrx_word' id='word_1_201' title='bbox 400 2107 579 2170; x_wconf 80' lang='grc' dir='ltr'>ἐπαφὴ</span> <span class='ocrx_word' id='word_1_202' title='bbox 622 2107 706 2157; x_wconf 89' lang='grc' dir='ltr'>καὶ</span> <span class='ocrx_word' id='word_1_203' title='bbox 747 2105 1029 2169; x_wconf 86' lang='grc' dir='ltr'>ἀντίληψις</span> <span class='ocrx_word' id='word_1_204' title='bbox 1069 2108 1175 2157; x_wconf 88' lang='grc' dir='ltr'>κτλ.</span> <span class='ocrx_word' id='word_1_205' title='bbox 1218 2125 1304 2156; x_wconf 86' lang='grc'>0111·</span> <span class='ocrx_word' id='word_1_206' title='bbox 1341 2107 1612 2156; x_wconf 85' lang='lat' dir='ltr'>Metrodori</span> <span class='ocrx_word' id='word_1_207' title='bbox 1650 2109 1854 2170; x_wconf 87' lang='lat' dir='ltr'>propria</span> 
     </span>
     <span class='ocr_line' id='line_1_28' title="bbox 164 2176 1854 2249; baseline -0.001 -19"><span class='ocrx_word' id='word_1_208' title='bbox 164 2183 314 2230; x_wconf 88' lang='lat' dir='ltr'>verba</span> <span class='ocrx_word' id='word_1_209' title='bbox 351 2183 577 2231; x_wconf 87' lang='lat' dir='ltr'>habenda</span> <span class='ocrx_word' id='word_1_210' title='bbox 625 2186 725 2231; x_wconf 89' lang='lat' dir='ltr'>sint</span> <span class='ocrx_word' id='word_1_211' title='bbox 771 2184 876 2231; x_wconf 88' lang='lat' dir='ltr'>ulla</span> <span class='ocrx_word' id='word_1_212' title='bbox 923 2185 999 2231; x_wconf 88' lang='lat' dir='ltr'>est</span> <span class='ocrx_word' id='word_1_213' title='bbox 1036 2198 1184 2231; x_wconf 87' lang='lat' dir='ltr'>causa</span> <span class='ocrx_word' id='word_1_214' title='bbox 1224 2176 1401 2249; x_wconf 71' lang='lat' dir='ltr'>(Korte</span> <span class='ocrx_word' id='word_1_215' title='bbox 1439 2182 1646 2230; x_wconf 89' lang='lat' dir='ltr'>Metrod.</span> <span class='ocrx_word' id='word_1_216' title='bbox 1686 2183 1745 2229; x_wconf 88' lang='lat' dir='ltr'>fr.</span> <span class='ocrx_word' id='word_1_217' title='bbox 1782 2176 1854 2246; x_wconf 82' lang='lat'>1),</span> 
     </span>
     <span class='ocr_line' id='line_1_29' title="bbox 164 2256 1854 2322; baseline 0 -19"><span class='ocrx_word' id='word_1_218' title='bbox 164 2273 322 2319; x_wconf 90' lang='lat' dir='ltr'>neque</span> <span class='ocrx_word' id='word_1_219' title='bbox 361 2257 710 2319; x_wconf 88' lang='lat' dir='ltr'>Aristophanis</span> <span class='ocrx_word' id='word_1_220' title='bbox 743 2257 1040 2322; x_wconf 90' lang='lat' dir='ltr'>Thesmoph.</span> <span class='ocrx_word' id='word_1_221' title='bbox 1080 2272 1251 2305; x_wconf 84' lang='lat' dir='ltr'>versus</span> <span class='ocrx_word' id='word_1_222' title='bbox 1280 2258 1382 2304; x_wconf 85' lang='lat'>242</span> <span class='ocrx_word' id='word_1_223' title='bbox 1426 2258 1529 2304; x_wconf 88' lang='lat' dir='ltr'>sine</span> <span class='ocrx_word' id='word_1_224' title='bbox 1568 2256 1717 2304; x_wconf 92' lang='lat' dir='ltr'>dubio</span> <span class='ocrx_word' id='word_1_225' title='bbox 1750 2270 1854 2304; x_wconf 89' lang='lat' dir='ltr'>cor-</span> 
     </span>
     <span class='ocr_line' id='line_1_30' title="bbox 163 2327 1854 2393; baseline -0.001 -14"><span class='ocrx_word' id='word_1_226' title='bbox 163 2334 340 2393; x_wconf 86' lang='lat' dir='ltr'>ruptus</span> <span class='ocrx_word' id='word_1_227' title='bbox 388 2329 512 2392; x_wconf 86' lang='grc' dir='ltr'>πρὶν</span> <span class='ocrx_word' id='word_1_228' title='bbox 565 2327 943 2392; x_wconf 86' lang='grc' dir='ltr'>ἀντιλαβέσθαι</span> <span class='ocrx_word' id='word_1_229' title='bbox 989 2328 1239 2392; x_wconf 88' lang='grc' dir='ltr'>πρωκτὸν</span> <span class='ocrx_word' id='word_1_230' title='bbox 1287 2330 1381 2391; x_wconf 87' lang='grc' dir='ltr'>τῆς</span> <span class='ocrx_word' id='word_1_231' title='bbox 1437 2328 1647 2392; x_wconf 82' lang='grc' dir='ltr'>φλογός</span> <span class='ocrx_word' id='word_1_232' title='bbox 1703 2330 1854 2377; x_wconf 87' lang='lat' dir='ltr'>ullius</span> 
     </span>
     <span class='ocr_line' id='line_1_31' title="bbox 165 2403 1855 2468; baseline -0.001 -15"><span class='ocrx_word' id='word_1_233' title='bbox 165 2406 402 2462; x_wconf 87' lang='lat' dir='ltr'>momenti</span> <span class='ocrx_word' id='word_1_234' title='bbox 441 2421 544 2454; x_wconf 90' lang='lat' dir='ltr'>esse</span> <span class='ocrx_word' id='word_1_235' title='bbox 584 2404 763 2467; x_wconf 75' lang='lat' dir='ltr'>potest.</span> <span class='ocrx_word' id='word_1_236' title='bbox 840 2405 990 2453; x_wconf 90' lang='lat' dir='ltr'>immo</span> <span class='ocrx_word' id='word_1_237' title='bbox 1029 2406 1247 2468; x_wconf 87' lang='lat' dir='ltr'>primum</span> <span class='ocrx_word' id='word_1_238' title='bbox 1277 2405 1462 2468; x_wconf 91' lang='lat' dir='ltr'>legitur</span> <span class='ocrx_word' id='word_1_239' title='bbox 1509 2405 1638 2466; x_wconf 86' lang='lat' dir='ltr'>apud</span> <span class='ocrx_word' id='word_1_240' title='bbox 1678 2403 1855 2451; x_wconf 86' lang='lat' dir='ltr'>Arium</span> 
     </span>
     <span class='ocr_line' id='line_1_32' title="bbox 167 2478 1857 2541; baseline -0.001 -15"><span class='ocrx_word' id='word_1_241' title='bbox 167 2479 450 2541; x_wconf 79' lang='lat' dir='ltr'>Didymum‚</span> <span class='ocrx_word' id='word_1_242' title='bbox 489 2483 600 2527; x_wconf 93' lang='lat' dir='ltr'>tum</span> <span class='ocrx_word' id='word_1_243' title='bbox 638 2480 863 2540; x_wconf 70' lang='lat' dir='ltr'>Aetium,</span> <span class='ocrx_word' id='word_1_244' title='bbox 902 2495 1015 2526; x_wconf 92' lang='lat' dir='ltr'>raro</span> <span class='ocrx_word' id='word_1_245' title='bbox 1055 2481 1206 2526; x_wconf 88' lang='lat' dir='ltr'>etiam</span> <span class='ocrx_word' id='word_1_246' title='bbox 1246 2478 1380 2541; x_wconf 85' lang='lat' dir='ltr'>apud</span> <span class='ocrx_word' id='word_1_247' title='bbox 1419 2478 1763 2538; x_wconf 90' lang='lat' dir='ltr'>Plutarchum,</span> <span class='ocrx_word' id='word_1_248' title='bbox 1802 2480 1857 2525; x_wconf 86' lang='lat' dir='ltr'>at</span> 
     </span>
     <span class='ocr_line' id='line_1_33' title="bbox 166 2553 1857 2615; baseline -0.001 -15"><span class='ocrx_word' id='word_1_249' title='bbox 166 2553 548 2603; x_wconf 85' lang='lat' dir='ltr'>usitatissimum</span> <span class='ocrx_word' id='word_1_250' title='bbox 587 2557 662 2602; x_wconf 86' lang='lat' dir='ltr'>est</span> <span class='ocrx_word' id='word_1_251' title='bbox 700 2553 830 2615; x_wconf 89' lang='lat' dir='ltr'>apud</span> <span class='ocrx_word' id='word_1_252' title='bbox 872 2553 1135 2615; x_wconf 89' lang='lat' dir='ltr'>scriptores</span> <span class='ocrx_word' id='word_1_253' title='bbox 1166 2553 1488 2615; x_wconf 88' lang='lat' dir='ltr'>philosophos</span> <span class='ocrx_word' id='word_1_254' title='bbox 1527 2554 1857 2614; x_wconf 87' lang='lat' dir='ltr'>posteriorum</span> 
     </span>
     <span class='ocr_line' id='line_1_34' title="bbox 168 2627 1855 2690; baseline -0.001 -16"><span class='ocrx_word' id='word_1_255' title='bbox 168 2631 470 2690; x_wconf 87' lang='lat' dir='ltr'>temporum,</span> <span class='ocrx_word' id='word_1_256' title='bbox 517 2631 576 2675; x_wconf 92' lang='lat' dir='ltr'>ut</span> <span class='ocrx_word' id='word_1_257' title='bbox 621 2628 953 2690; x_wconf 87' lang='lat' dir='ltr'>Porphyrium</span> <span class='ocrx_word' id='word_1_258' title='bbox 1008 2630 1058 2674; x_wconf 89' lang='lat' dir='ltr'>et</span> <span class='ocrx_word' id='word_1_259' title='bbox 1106 2627 1390 2675; x_wconf 72' lang='lat' dir='ltr'>Aristotelis</span> <span class='ocrx_word' id='word_1_260' title='bbox 1446 2628 1855 2674; x_wconf 87' lang='lat' dir='ltr'>commentatores</span> 
     </span>
     <span class='ocr_line' id='line_1_35' title="bbox 171 2696 1886 2767; baseline 0.001 -20"><span class='ocrx_word' id='word_1_261' title='bbox 171 2696 346 2767; x_wconf 85' lang='lat' dir='ltr'>(etiam</span> <span class='ocrx_word' id='word_1_262' title='bbox 378 2699 662 2762; x_wconf 86' lang='grc' dir='ltr'>ἀντίληψις</span> <span class='ocrx_word' id='word_1_263' title='bbox 696 2704 745 2749; x_wconf 90' lang='lat' dir='ltr'>et</span> <span class='ocrx_word' id='word_1_264' title='bbox 770 2697 1143 2761; x_wconf 88' lang='grc' dir='ltr'>ἀντιληπτικός</span> <span class='ocrx_word' id='word_1_265' title='bbox 1168 2723 1223 2738; x_wconf 89' lang='lat'><strong><em>=</em></strong></span> <span class='ocrx_word' id='word_1_266' title='bbox 1241 2703 1482 2761; x_wconf 71' lang='lat' dir='ltr'>perceptio</span> <span class='ocrx_word' id='word_1_267' title='bbox 1509 2705 1558 2748; x_wconf 85' lang='lat' dir='ltr'>et</span> <span class='ocrx_word' id='word_1_268' title='bbox 1581 2702 1856 2760; x_wconf 68' lang='lat' dir='ltr'>percipiens</span> <span class='ocrx_word' id='word_1_269' title='bbox 1881 2746 1886 2749; x_wconf 19' lang='lat' dir='ltr'>r</span> 
     </span>
     <span class='ocr_line' id='line_1_36' title="bbox 168 2770 1856 2842; baseline -0.001 -21"><span class='ocrx_word' id='word_1_270' title='bbox 168 2775 262 2822; x_wconf 87' lang='lat' dir='ltr'>huc</span> <span class='ocrx_word' id='word_1_271' title='bbox 300 2770 588 2842; x_wconf 86' lang='lat' dir='ltr'>pertinent).</span> <span class='ocrx_word' id='word_1_272' title='bbox 653 2775 784 2837; x_wconf 89' lang='lat' dir='ltr'>apud</span> <span class='ocrx_word' id='word_1_273' title='bbox 815 2775 1088 2838; x_wconf 89' lang='lat' dir='ltr'>Diogenem</span> <span class='ocrx_word' id='word_1_274' title='bbox 1118 2776 1284 2836; x_wconf 90' lang='lat' dir='ltr'>ipsum</span> <span class='ocrx_word' id='word_1_275' title='bbox 1324 2774 1474 2822; x_wconf 86' lang='lat' dir='ltr'>habes</span> <span class='ocrx_word' id='word_1_276' title='bbox 1514 2790 1683 2822; x_wconf 90' lang='lat' dir='ltr'>vocem</span> <span class='ocrx_word' id='word_1_277' title='bbox 1715 2770 1856 2822; x_wconf 89' lang='grc' dir='ltr'>ἀντί-</span> 
     </span>
     <span class='ocr_line' id='line_1_37' title="bbox 171 2843 1858 2916; baseline -0.001 -20"><span class='ocrx_word' id='word_1_278' title='bbox 171 2848 332 2910; x_wconf 90' lang='grc' dir='ltr'>ληψις</span> <span class='ocrx_word' id='word_1_279' title='bbox 363 2851 422 2897; x_wconf 83' lang='lat' dir='ltr'>fr.</span> <span class='ocrx_word' id='word_1_280' title='bbox 447 2850 518 2897; x_wconf 88' lang='lat' dir='ltr'>IV</span> <span class='ocrx_word' id='word_1_281' title='bbox 553 2844 631 2916; x_wconf 94' lang='lat'>(=</span> <span class='ocrx_word' id='word_1_282' title='bbox 657 2849 779 2897; x_wconf 90' lang='lat' dir='ltr'>Heb.</span> <span class='ocrx_word' id='word_1_283' title='bbox 814 2851 863 2895; x_wconf 91' lang='lat' dir='ltr'>et</span> <span class='ocrx_word' id='word_1_284' title='bbox 893 2849 1002 2896; x_wconf 88' lang='lat' dir='ltr'>Kal.</span> <span class='ocrx_word' id='word_1_285' title='bbox 1031 2843 1125 2915; x_wconf 83' lang='lat'>41)</span> <span class='ocrx_word' id='word_1_286' title='bbox 1160 2849 1249 2896; x_wconf 93' lang='lat' dir='ltr'>col.</span> <span class='ocrx_word' id='word_1_287' title='bbox 1274 2848 1326 2896; x_wconf 93' lang='lat' dir='ltr'>II</span> <span class='ocrx_word' id='word_1_288' title='bbox 1363 2865 1408 2896; x_wconf 89' lang='lat' dir='ltr'>v.</span> <span class='ocrx_word' id='word_1_289' title='bbox 1438 2850 1482 2895; x_wconf 88' lang='lat'>7.</span> <span class='ocrx_word' id='word_1_290' title='bbox 1554 2864 1610 2896; x_wconf 86' lang='lat' dir='ltr'>ac</span> <span class='ocrx_word' id='word_1_291' title='bbox 1647 2849 1858 2895; x_wconf 87' lang='lat' dir='ltr'>fortasse</span> 
     </span>
     <span class='ocr_line' id='line_1_38' title="bbox 170 2918 1858 2987; baseline -0.001 -17"><span class='ocrx_word' id='word_1_292' title='bbox 170 2922 312 2971; x_wconf 88' lang='lat' dir='ltr'>nobis</span> <span class='ocrx_word' id='word_1_293' title='bbox 359 2924 627 2987; x_wconf 87' lang='lat' dir='ltr'>contingit,</span> <span class='ocrx_word' id='word_1_294' title='bbox 672 2925 730 2971; x_wconf 93' lang='lat' dir='ltr'>ut</span> <span class='ocrx_word' id='word_1_295' title='bbox 776 2923 1019 2984; x_wconf 92' lang='lat' dir='ltr'>quomodo</span> <span class='ocrx_word' id='word_1_296' title='bbox 1059 2938 1153 2971; x_wconf 83' lang='lat' dir='ltr'>vox</span> <span class='ocrx_word' id='word_1_297' title='bbox 1194 2918 1679 2984; x_wconf 87' lang='grc' dir='ltr'>ἀντιλαμβάνεσθαι</span> <span class='ocrx_word' id='word_1_298' title='bbox 1718 2921 1858 2969; x_wconf 84' lang='lat' dir='ltr'>illam</span> 
     </span>
    </p>
   </div>
  </div>
 </body>
</html>
