2066 3146
8 2535 14 2554 )

5 2616 15 2725 ἕ

8 2754 14 2768 a

6 2875 26 3070 ἔ

6 3071 21 3146 l

786 157 840 163 —-
902 130 1116 174 XXXVII
1171 157 1225 163 —

271 272 363 319 col.
387 271 414 318 Ι
448 274 493 319 9.
547 271 736 332 primus
767 270 918 319 habet
948 270 1215 319 secundum
1246 271 1405 319 lexica
1441 270 1584 318 Philo
1616 270 1854 331 Judaeus,

272 345 447 394 deinde
496 344 825 392 Nicomachus
885 346 1082 393 arithm.
1136 344 1258 407 isag.
1298 345 1350 392 II
1391 345 1445 404 6,
1489 347 1542 404 2,
1598 342 1853 406 Origenes,

275 418 543 482 Gregorius
566 418 921 480 Nazianzenus,
953 419 1249 466 Eustathius
1274 418 1427 481 epigr.
1458 418 1624 479 adesp.
1658 418 1852 465 Antho-

272 494 435 557 logiae
474 494 597 552 445,
637 493 738 539 alii.

157 564 493 628 τύφλωσις
540 566 598 613 fr.
632 565 765 612 LXX
812 567 901 614 col.
934 566 960 613 I
994 568 1039 613 9.
1117 569 1355 614 notantur
1412 569 1562 614 testes
1621 566 1853 613 vocabuli

273 641 568 689 scholiastae
609 643 659 687 et
697 641 960 702 scriptores
999 640 1144 687 valde
1182 643 1416 688 recentes.
1495 642 1706 701 scriptor
1743 640 1853 686 vul-

273 716 409 778 garis
449 714 686 762 sermonis
727 715 950 762 Aristeas
989 714 1202 762 libenter
1238 715 1397 761 utitur
1434 714 1619 762 talibus
1650 714 1853 761 vocibus

272 789 325 836 in
365 798 525 848 -ωσις
565 788 906 836 desinentibus
946 782 1230 854 (θύμωσις,
1278 785 1576 848 κόλπωσις,
1619 785 1855 847 λίθωσις,

272 859 600 922 πετάλωσις,
643 858 938 923 ῥάβδωσις,
975 863 1060 909 cfr.
1094 861 1480 909 Wendlandium
1512 879 1558 923 p.
1589 855 1732 927 222).

616 1040 679 1087 II.
734 1040 1033 1088 Vocabula
1073 1040 1400 1101 „poetica“.

158 1155 579 1219 ἁβροδίαιτος
611 1159 670 1206 fr.
696 1158 866 1205 XXIII
898 1159 987 1206 col.
1012 1159 1063 1206 ΙΙ
1089 1160 1135 1206 8.
1198 1158 1496 1206 vocabulum
1528 1175 1585 1205 ex
1618 1158 1856 1219 Aeschyli

273 1232 436 1280 Persis
462 1235 526 1280 41
558 1235 731 1280 notum
754 1236 965 1294 usurpat
995 1235 1194 1294 praeter
1216 1232 1491 1294 Philonem,
1515 1231 1854 1289 Plutarchum,

273 1307 586 1355 Athenaeum
626 1307 777 1354 semel
816 1307 917 1353 iam
957 1307 1286 1368 Thucydides.

160 1376 535 1442 ἀμαύρωσις
575 1381 633 1428 fr.
658 1379 791 1427 LXX
831 1381 921 1428 col.
946 1380 971 1427 I
999 1382 1043 1428 7.
1122 1381 1182 1428 de
1223 1381 1358 1428 exitu
1391 1390 1550 1440 -ωσις
1584 1381 1670 1427 cfr.
1703 1395 1855 1441 supra

274 1470 310 1502 s.
335 1471 380 1502 v.
420 1451 716 1515 τύφλωσις.
771 1470 867 1502 vox
904 1456 1028 1516 ipsa,
1061 1471 1211 1516 quam
1244 1455 1394 1502 habet
1423 1456 1527 1502 iam
1558 1454 1857 1501 Aristoteles

274 1529 332 1575 de
373 1529 540 1576 anima
579 1529 604 1575 Ι
628 1531 684 1589 4,
725 1531 985 1590 praeterea
1023 1528 1342 1588 Plutarchus,
1381 1527 1718 1587 DioscorideS,
1761 1526 1855 1575 Ga-

273 1603 436 1663 lenus,
475 1602 527 1650 in
569 1602 869 1651 Graecorum
907 1604 1046 1664 poesi
1085 1618 1338 1651 occurrere
1378 1618 1476 1651 non
1515 1602 1732 1662 videtur,
1774 1602 1855 1649 sed

273 1676 575 1725 adiectivum
615 1673 856 1738 ἀμαυρός
896 1676 1094 1738 poetica
1128 1692 1222 1725 vox
1262 1680 1350 1738 est,
1393 1693 1518 1738 quae
1558 1676 1693 1738 apud
1722 1677 1855 1723 Atti-

272 1752 423 1800 cistas
454 1752 710 1799 invenitur
741 1745 852 1815 (cfr.
887 1751 1090 1799 Schmid
1120 1752 1151 1798 l.
1179 1766 1217 1798 c.
1243 1750 1315 1798 IV
1339 1768 1386 1813 p.
1414 1744 1561 1816 673),
1586 1750 1672 1799 sed
1703 1751 1856 1798 etiam

274 1825 325 1872 in
364 1826 569 1887 papyris
611 1819 721 1891 (cfr.
760 1826 960 1886 Mayser
992 1824 1211 1873 Gramm.
1244 1826 1289 1872 d.
1318 1826 1493 1885 ymlech.
1524 1825 1646 1884 Pap.
1686 1841 1733 1886 p.
1762 1819 1856 1889 25)

271 1902 323 1947 et
362 1899 494 1961 apud
533 1899 870 1959 Plutarchum,
909 1903 966 1947 ut
1005 1915 1114 1947 eam
1151 1900 1253 1947 iam
1292 1899 1343 1946 in
1375 1899 1636 1963 vulgarem
1674 1913 1855 1946 sermo-

271 1989 386 2020 nem
424 1977 676 2035 receptam
716 1989 819 2022 esse
859 1975 1113 2035 appareat.
1170 1976 1284 2021 ante
1324 1973 1647 2020 Aristotelem
1686 1988 1857 2020 vocem

272 2043 516 2107 ἀμαυρός
547 2047 698 2095 habet
721 2063 891 2096 rursus
916 2048 1050 2095 solus
1074 2046 1347 2108 Xenophon
1373 2040 1483 2112 (cfr.
1509 2062 1659 2107 supra
1683 2043 1856 2106 κάσος

272 2124 325 2168 et
355 2115 632 2188 περαιόω).
693 2118 949 2182 ἀμαυρόω
981 2124 1179 2184 praeter
1209 2121 1487 2182 Polybium,
1518 2120 1856 2180 Plutarchum,

272 2195 613 2255 Aristotelem,
651 2195 1031 2257 Xenophontem
1062 2195 1214 2243 etiam
1254 2195 1315 2242 ab
1347 2195 1600 2243 Herodoto
1642 2198 1692 2242 et
1729 2194 1853 2256 Hip-

273 2272 474 2330 pocrate
530 2269 807 2317 adhibetur.
898 2269 1108 2317 fortasse
1161 2284 1251 2330 per
1303 2269 1448 2318 Iones
1509 2271 1566 2317 ut
1619 2269 1854 2330 pleraque

275 2343 457 2403 κοινῆς
505 2343 708 2406 propria
753 2345 826 2391 ita
874 2344 994 2391 haec
1037 2359 1132 2392 vox
1171 2342 1426 2404 „poetica“
1466 2343 1725 2406 divulgata
1766 2348 1855 2390 est.

273 2421 514 2479 quantum
563 2418 707 2466 Iones
754 2417 818 2464 ad
872 2418 1066 2479 copiam
1113 2433 1288 2464 vocum
1333 2417 1713 2479 „poeticarum“,
1753 2433 1856 2478 qua

273 2491 563 2553 posterioris
610 2492 790 2540 aetatis
837 2507 997 2539 sermo
1046 2491 1291 2551 abundat,
1338 2491 1663 2554 contulerint,
1711 2491 1855 2539 docet

275 2565 467 2613 Thumb
525 2566 714 2614 Griech.
767 2565 982 2625 Sprache
1042 2567 1073 2613 i.
1130 2565 1358 2613 Zeitalter
1418 2566 1463 2613 d.
1525 2566 1855 2614 Hellenismus

273 2656 319 2701 p.
348 2641 451 2687 216
472 2655 578 2701 sqq.

162 2707 452 2774 ἄπλατος
491 2715 549 2761 fr.
584 2714 793 2761 XXXIX
840 2713 930 2761 col.
961 2713 988 2761 I
1024 2715 1087 2760 12
1136 2729 1256 2760 num
1302 2713 1474 2761 Attica
1512 2730 1607 2762 vox
1654 2715 1720 2762 sit
1762 2730 1879 2774 pro*

273 2788 473 2850 vulgari
526 2784 783 2848 ἄπλετος,
839 2787 971 2848 quod
1031 2786 1214 2835 Moeris
1268 2789 1484 2835 testatur
1536 2791 1585 2835 et
1632 2786 1855 2835 ‘Cronert

274 2862 424 2909 Mem.
472 2861 739 2910 Herculem.
788 2878 834 2923 p.
872 2862 975 2909 102
1025 2860 1314 2909 confirmare
1354 2861 1541 2922 studet,
1581 2861 1725 2908 valde
1765 2861 1853 2908 du-

275 2934 414 2982 bium
454 2939 541 2985 est.
603 2935 788 2983 habent
827 2935 958 2983 enim
996 2937 1191 2999 vetusta
1232 2938 1395 2983 aetate
1434 2935 1530 2983 soli
1567 2937 1758 2997 poetae,
1797 2937 1854 2982 ut
