<?xml version="1.0" encoding="UTF-8"?>
<!DOCTYPE html PUBLIC "-//W3C//DTD XHTML 1.0 Transitional//EN"
    "http://www.w3.org/TR/xhtml1/DTD/xhtml1-transitional.dtd">
<html xmlns="http://www.w3.org/1999/xhtml" xml:lang="en" lang="en">
 <head>
  <title>
</title>
<meta http-equiv="Content-Type" content="text/html;charset=utf-8" />
  <meta name='ocr-system' content='tesseract 3.04.00' />
  <meta name='ocr-capabilities' content='ocr_page ocr_carea ocr_par ocr_line ocrx_word'/>
</head>
<body>
  <div class='ocr_page' id='page_1' title='image "./fragmentaordinav00dioguoft_0121.png"; bbox 0 0 2066 3146; ppageno 0'>
   <div class='ocr_carea' id='block_1_1' title="bbox 776 736 1199 796">
    <p class='ocr_par' dir='ltr' id='par_1_1' title="bbox 776 736 1199 796">
     <span class='ocr_line' id='line_1_1' title="bbox 776 736 1199 796; baseline 0.009 -4"><span class='ocrx_word' id='word_1_1' title='bbox 776 736 1199 796; x_wconf 76' lang='lat' dir='ltr'>AdnotationeS.</span> 
     </span>
    </p>
   </div>
   <div class='ocr_carea' id='block_1_2' title="bbox 133 903 1867 2976">
    <p class='ocr_par' dir='ltr' id='par_1_2' title="bbox 133 903 1824 1197">
     <span class='ocr_line' id='line_1_2' title="bbox 256 903 1823 965; baseline 0.005 -17"><span class='ocrx_word' id='word_1_2' title='bbox 256 904 324 948; x_wconf 83' lang='lat' dir='ltr'>fr.</span> <span class='ocrx_word' id='word_1_3' title='bbox 350 903 377 947; x_wconf 94' lang='lat'>1</span> <span class='ocrx_word' id='word_1_4' title='bbox 408 903 495 948; x_wconf 82' lang='lat' dir='ltr'>col.</span> <span class='ocrx_word' id='word_1_5' title='bbox 521 903 541 946; x_wconf 89' lang='lat'>1</span> <span class='ocrx_word' id='word_1_6' title='bbox 572 919 614 947; x_wconf 85' lang='lat' dir='ltr'>v.</span> <span class='ocrx_word' id='word_1_7' title='bbox 640 910 661 948; x_wconf 89' lang='lat'>1</span> <span class='ocrx_word' id='word_1_8' title='bbox 695 904 790 949; x_wconf 83' lang='lat' dir='ltr'>tale</span> <span class='ocrx_word' id='word_1_9' title='bbox 807 905 923 961; x_wconf 87' lang='lat' dir='ltr'>quid</span> <span class='ocrx_word' id='word_1_10' title='bbox 947 908 1218 952; x_wconf 75' lang='lat' dir='ltr'>antecessit:</span> <span class='ocrx_word' id='word_1_11' title='bbox 1252 910 1397 965; x_wconf 84' lang='grc' dir='ltr'>[ὁρῶν</span> <span class='ocrx_word' id='word_1_12' title='bbox 1419 913 1530 962; x_wconf 88' lang='grc' dir='ltr'>τοὺς</span> <span class='ocrx_word' id='word_1_13' title='bbox 1551 916 1651 963; x_wconf 85' lang='grc' dir='ltr'>ταῖς</span> <span class='ocrx_word' id='word_1_14' title='bbox 1674 916 1823 963; x_wconf 83' lang='grc' dir='ltr'>κεναῖς</span> 
     </span>
     <span class='ocr_line' id='line_1_3' title="bbox 133 965 1824 1023; baseline 0.005 -17"><span class='ocrx_word' id='word_1_15' title='bbox 133 968 220 1020; x_wconf 88' lang='grc' dir='ltr'>τῆς</span> <span class='ocrx_word' id='word_1_16' title='bbox 265 967 419 1019; x_wconf 85' lang='grc' dir='ltr'>ψυχῆς</span> <span class='ocrx_word' id='word_1_17' title='bbox 464 965 618 1017; x_wconf 85' lang='grc' dir='ltr'>δόξαις</span> <span class='ocrx_word' id='word_1_18' title='bbox 664 966 1037 1019; x_wconf 86' lang='grc' dir='ltr'>ἀκολουθοῦντας</span> <span class='ocrx_word' id='word_1_19' title='bbox 1082 972 1155 1012; x_wconf 82' lang='grc' dir='ltr'>καὶ</span> <span class='ocrx_word' id='word_1_20' title='bbox 1202 971 1264 1023; x_wconf 86' lang='grc' dir='ltr'>μὴ</span> <span class='ocrx_word' id='word_1_21' title='bbox 1305 970 1561 1022; x_wconf 86' lang='grc' dir='ltr'>ἀκούοντας</span> <span class='ocrx_word' id='word_1_22' title='bbox 1606 971 1824 1023; x_wconf 88' lang='grc' dir='ltr'>σώματος</span> 
     </span>
     <span class='ocr_line' id='line_1_4' title="bbox 134 1023 1820 1083; baseline 0.003 -15"><span class='ocrx_word' id='word_1_23' title='bbox 134 1023 391 1079; x_wconf 82' lang='grc' dir='ltr'>ἑγκλήσεις]</span> <span class='ocrx_word' id='word_1_24' title='bbox 429 1026 487 1078; x_wconf 88' lang='grc' dir='ltr'>τῆ</span> <span class='ocrx_word' id='word_1_25' title='bbox 529 1027 656 1078; x_wconf 88' lang='grc' dir='ltr'>ψυχῆ</span> <span class='ocrx_word' id='word_1_26' title='bbox 700 1058 894 1069; x_wconf 90' lang='grc'><strong>......</strong></span> <span class='ocrx_word' id='word_1_27' title='bbox 936 1026 1239 1081; x_wconf 82' lang='grc' dir='ltr'>ἐπιφέροντος</span> <span class='ocrx_word' id='word_1_28' title='bbox 1278 1031 1350 1072; x_wconf 77' lang='grc' dir='ltr'>καὶ</span> <span class='ocrx_word' id='word_1_29' title='bbox 1389 1029 1584 1083; x_wconf 77' lang='grc' dir='ltr'>δικαίας,</span> <span class='ocrx_word' id='word_1_30' title='bbox 1625 1030 1696 1073; x_wconf 89' lang='grc' dir='ltr'>ὅτι</span> <span class='ocrx_word' id='word_1_31' title='bbox 1727 1032 1820 1073; x_wconf 89' lang='grc' dir='ltr'>κτλ.</span> 
     </span>
     <span class='ocr_line' id='line_1_5' title="bbox 135 1081 1822 1143; baseline 0.004 -17"><span class='ocrx_word' id='word_1_32' title='bbox 135 1082 263 1139; x_wconf 83' lang='lat' dir='ltr'>quod</span> <span class='ocrx_word' id='word_1_33' title='bbox 295 1081 381 1126; x_wconf 90' lang='lat' dir='ltr'>col.</span> <span class='ocrx_word' id='word_1_34' title='bbox 405 1081 448 1125; x_wconf 93' lang='grc' dir='ltr'>Π</span> <span class='ocrx_word' id='word_1_35' title='bbox 479 1097 518 1124; x_wconf 86' lang='lat' dir='ltr'>v.</span> <span class='ocrx_word' id='word_1_36' title='bbox 545 1087 572 1125; x_wconf 99' lang='lat'>4</span> <span class='ocrx_word' id='word_1_37' title='bbox 604 1082 837 1138; x_wconf 78' lang='lat' dir='ltr'>excipitur</span> <span class='ocrx_word' id='word_1_38' title='bbox 865 1086 1062 1138; x_wconf 86' lang='grc' dir='ltr'>τούτους</span> <span class='ocrx_word' id='word_1_39' title='bbox 1093 1087 1177 1129; x_wconf 87' lang='grc' dir='ltr'>οὖν</span> <span class='ocrx_word' id='word_1_40' title='bbox 1209 1088 1355 1142; x_wconf 88' lang='grc' dir='ltr'>ὁρῶν,</span> <span class='ocrx_word' id='word_1_41' title='bbox 1384 1089 1520 1131; x_wconf 89' lang='grc' dir='ltr'>πάλιν</span> <span class='ocrx_word' id='word_1_42' title='bbox 1543 1090 1632 1143; x_wconf 86' lang='grc' dir='ltr'>γὰρ</span> <span class='ocrx_word' id='word_1_43' title='bbox 1658 1090 1822 1132; x_wconf 81' lang='grc' dir='ltr'>ἐπανα-</span> 
     </span>
     <span class='ocr_line' id='line_1_6' title="bbox 134 1143 941 1197; baseline 0.004 -12"><span class='ocrx_word' id='word_1_44' title='bbox 134 1143 399 1197; x_wconf 89' lang='grc' dir='ltr'>λήμψομαι,</span> <span class='ocrx_word' id='word_1_45' title='bbox 433 1144 746 1195; x_wconf 81' lang='grc' dir='ltr'>διακειμένους</span> <span class='ocrx_word' id='word_1_46' title='bbox 776 1144 941 1196; x_wconf 84' lang='grc' dir='ltr'>οὕτως.</span> 
     </span>
    </p>

    <p class='ocr_par' dir='ltr' id='par_1_3' title="bbox 135 1200 1827 1909">
     <span class='ocr_line' id='line_1_7' title="bbox 254 1200 1826 1261; baseline 0.004 -17"><span class='ocrx_word' id='word_1_47' title='bbox 254 1216 294 1244; x_wconf 89' lang='lat' dir='ltr'>v.</span> <span class='ocrx_word' id='word_1_48' title='bbox 322 1204 461 1257; x_wconf 84' lang='lat' dir='ltr'>3sqq.</span> <span class='ocrx_word' id='word_1_49' title='bbox 503 1200 583 1244; x_wconf 87' lang='lat' dir='ltr'>cfr.</span> <span class='ocrx_word' id='word_1_50' title='bbox 616 1201 757 1244; x_wconf 85' lang='lat' dir='ltr'>verba.</span> <span class='ocrx_word' id='word_1_51' title='bbox 788 1201 1041 1247; x_wconf 86' lang='lat' dir='ltr'>Democriti</span> <span class='ocrx_word' id='word_1_52' title='bbox 1072 1203 1127 1247; x_wconf 86' lang='lat' dir='ltr'>fr.</span> <span class='ocrx_word' id='word_1_53' title='bbox 1155 1208 1238 1247; x_wconf 84' lang='grc'>159</span> <span class='ocrx_word' id='word_1_54' title='bbox 1269 1203 1398 1248; x_wconf 85' lang='lat' dir='ltr'>Diels</span> <span class='ocrx_word' id='word_1_55' title='bbox 1427 1208 1500 1249; x_wconf 82' lang='grc' dir='ltr'>καὶ</span> <span class='ocrx_word' id='word_1_56' title='bbox 1531 1207 1826 1261; x_wconf 87' lang='grc' dir='ltr'>Δημόκριτος</span> 
     </span>
     <span class='ocr_line' id='line_1_8' title="bbox 137 1261 1822 1323; baseline 0.002 -18"><span class='ocrx_word' id='word_1_57' title='bbox 137 1263 221 1315; x_wconf 79' lang='grc' dir='ltr'>μὲν</span> <span class='ocrx_word' id='word_1_58' title='bbox 252 1262 326 1306; x_wconf 81' lang='grc' dir='ltr'>ἐπὶ</span> <span class='ocrx_word' id='word_1_59' title='bbox 355 1263 444 1315; x_wconf 86' lang='grc' dir='ltr'>τὴν</span> <span class='ocrx_word' id='word_1_60' title='bbox 475 1263 633 1316; x_wconf 89' lang='grc' dir='ltr'>ψυχὴν</span> <span class='ocrx_word' id='word_1_61' title='bbox 658 1263 909 1317; x_wconf 83' lang='grc' dir='ltr'>ἀναφέρων</span> <span class='ocrx_word' id='word_1_62' title='bbox 934 1261 1056 1322; x_wconf 79' lang='grc' dir='ltr'>(τὴν</span> <span class='ocrx_word' id='word_1_63' title='bbox 1080 1263 1230 1307; x_wconf 81' lang='grc' dir='ltr'>αἰτίαν</span> <span class='ocrx_word' id='word_1_64' title='bbox 1253 1263 1372 1321; x_wconf 87' lang='grc' dir='ltr'>τῆς&gt;</span> <span class='ocrx_word' id='word_1_65' title='bbox 1397 1264 1822 1323; x_wconf 87' lang='grc' dir='ltr'>κακοδαιμον&lt;ίας&gt;</span> 
     </span>
     <span class='ocr_line' id='line_1_9' title="bbox 136 1319 1824 1379; baseline 0.003 -16"><span class='ocrx_word' id='word_1_66' title='bbox 136 1320 283 1376; x_wconf 88' lang='grc' dir='ltr'>φησίν</span> <span class='ocrx_word' id='word_1_67' title='bbox 302 1333 311 1342; x_wconf 87' lang='grc'><em>·</em></span> <span class='ocrx_word' id='word_1_68' title='bbox 354 1319 412 1364; x_wconf 73' lang='lat' dir='ltr'>‘ei</span> <span class='ocrx_word' id='word_1_69' title='bbox 448 1324 535 1364; x_wconf 82' lang='grc' dir='ltr'>τοῦ</span> <span class='ocrx_word' id='word_1_70' title='bbox 577 1322 792 1373; x_wconf 88' lang='grc' dir='ltr'>σώματος</span> <span class='ocrx_word' id='word_1_71' title='bbox 823 1323 942 1377; x_wconf 85' lang='grc' dir='ltr'>αὐτῇ</span> <span class='ocrx_word' id='word_1_72' title='bbox 976 1322 1107 1376; x_wconf 87' lang='grc' dir='ltr'>δίκην</span> <span class='ocrx_word' id='word_1_73' title='bbox 1149 1325 1372 1376; x_wconf 81' lang='grc' dir='ltr'>λαχόντος</span> <span class='ocrx_word' id='word_1_74' title='bbox 1401 1326 1527 1379; x_wconf 88' lang='grc' dir='ltr'>παρὰ</span> <span class='ocrx_word' id='word_1_75' title='bbox 1558 1324 1710 1368; x_wconf 87' lang='grc' dir='ltr'>πάντα</span> <span class='ocrx_word' id='word_1_76' title='bbox 1739 1326 1824 1368; x_wconf 87' lang='grc' dir='ltr'>τὸν</span> 
     </span>
     <span class='ocr_line' id='line_1_10' title="bbox 137 1378 1823 1438; baseline 0.002 -15"><span class='ocrx_word' id='word_1_77' title='bbox 137 1379 237 1435; x_wconf 86' lang='grc' dir='ltr'>βίον</span> <span class='ocrx_word' id='word_1_78' title='bbox 276 1380 343 1423; x_wconf 88' lang='grc' dir='ltr'>ὧν</span> <span class='ocrx_word' id='word_1_79' title='bbox 383 1381 619 1435; x_wconf 84' lang='grc' dir='ltr'>ὠδύνηται</span> <span class='ocrx_word' id='word_1_80' title='bbox 658 1378 804 1438; x_wconf 87' lang='grc' dir='ltr'>&lt;καί&gt;</span> <span class='ocrx_word' id='word_1_81' title='bbox 845 1385 997 1433; x_wconf 87' lang='grc' dir='ltr'>κακῶς</span> <span class='ocrx_word' id='word_1_82' title='bbox 1033 1383 1284 1437; x_wconf 85' lang='grc' dir='ltr'>πέπονθεν,</span> <span class='ocrx_word' id='word_1_83' title='bbox 1325 1383 1467 1435; x_wconf 86' lang='grc' dir='ltr'>αὐτὸς</span> <span class='ocrx_word' id='word_1_84' title='bbox 1511 1385 1693 1436; x_wconf 89' lang='grc' dir='ltr'>γένοιτο</span> <span class='ocrx_word' id='word_1_85' title='bbox 1739 1387 1823 1427; x_wconf 85' lang='grc' dir='ltr'>τοῦ</span> 
     </span>
     <span class='ocr_line' id='line_1_11' title="bbox 136 1438 1824 1497; baseline 0.002 -15"><span class='ocrx_word' id='word_1_86' title='bbox 136 1439 424 1493; x_wconf 79' lang='grc' dir='ltr'>ἐγκλήματος</span> <span class='ocrx_word' id='word_1_87' title='bbox 455 1438 768 1497; x_wconf 81' lang='grc' dir='ltr'>δκκαστής),</span> <span class='ocrx_word' id='word_1_88' title='bbox 807 1442 959 1494; x_wconf 82' lang='grc' dir='ltr'>ἡδέως</span> <span class='ocrx_word' id='word_1_89' title='bbox 997 1442 1053 1484; x_wconf 85' lang='grc' dir='ltr'>ἂν</span> <span class='ocrx_word' id='word_1_90' title='bbox 1093 1442 1507 1496; x_wconf 86' lang='grc' dir='ltr'>καταψηφίσασθαι</span> <span class='ocrx_word' id='word_1_91' title='bbox 1544 1445 1629 1496; x_wconf 89' lang='grc' dir='ltr'>τῆς</span> <span class='ocrx_word' id='word_1_92' title='bbox 1658 1446 1824 1496; x_wconf 86' lang='grc' dir='ltr'>ψυχῆς,</span> 
     </span>
     <span class='ocr_line' id='line_1_12' title="bbox 136 1497 1825 1554; baseline 0.002 -13"><span class='ocrx_word' id='word_1_93' title='bbox 136 1498 222 1553; x_wconf 79' lang='grc' dir='ltr'>ἐφ’</span> <span class='ocrx_word' id='word_1_94' title='bbox 252 1497 321 1550; x_wconf 86' lang='grc' dir='ltr'>οἷς</span> <span class='ocrx_word' id='word_1_95' title='bbox 350 1499 410 1542; x_wconf 87' lang='grc' dir='ltr'>τὰ</span> <span class='ocrx_word' id='word_1_96' title='bbox 443 1500 525 1552; x_wconf 81' lang='grc' dir='ltr'>μὲν</span> <span class='ocrx_word' id='word_1_97' title='bbox 558 1499 771 1543; x_wconf 82' lang='grc' dir='ltr'>ἀπώλεσε</span> <span class='ocrx_word' id='word_1_98' title='bbox 801 1503 886 1542; x_wconf 84' lang='grc' dir='ltr'>τοῦ</span> <span class='ocrx_word' id='word_1_99' title='bbox 920 1501 1135 1553; x_wconf 88' lang='grc' dir='ltr'>σώματος</span> <span class='ocrx_word' id='word_1_100' title='bbox 1164 1505 1263 1553; x_wconf 86' lang='grc' dir='ltr'>ταῖς</span> <span class='ocrx_word' id='word_1_101' title='bbox 1294 1501 1520 1554; x_wconf 88' lang='grc' dir='ltr'>ἀμελείαις</span> <span class='ocrx_word' id='word_1_102' title='bbox 1543 1504 1616 1544; x_wconf 88' lang='grc' dir='ltr'>καὶ</span> <span class='ocrx_word' id='word_1_103' title='bbox 1641 1502 1825 1545; x_wconf 81' lang='grc' dir='ltr'>ἐξέλυσε</span> 
     </span>
     <span class='ocr_line' id='line_1_13' title="bbox 135 1559 1825 1615; baseline 0.002 -14"><span class='ocrx_word' id='word_1_104' title='bbox 135 1563 237 1610; x_wconf 90' lang='grc' dir='ltr'>ταῖς</span> <span class='ocrx_word' id='word_1_105' title='bbox 275 1559 451 1612; x_wconf 88' lang='grc' dir='ltr'>μέθαις,</span> <span class='ocrx_word' id='word_1_106' title='bbox 498 1559 556 1601; x_wconf 91' lang='grc' dir='ltr'>τὰ</span> <span class='ocrx_word' id='word_1_107' title='bbox 606 1559 656 1602; x_wconf 80' lang='grc' dir='ltr'>δέ</span> <span class='ocrx_word' id='word_1_108' title='bbox 696 1559 968 1613; x_wconf 84' lang='grc' dir='ltr'>κατέφθειρε</span> <span class='ocrx_word' id='word_1_109' title='bbox 1011 1561 1083 1602; x_wconf 81' lang='grc' dir='ltr'>καὶ</span> <span class='ocrx_word' id='word_1_110' title='bbox 1117 1561 1336 1603; x_wconf 89' lang='grc' dir='ltr'>διέσπασε</span> <span class='ocrx_word' id='word_1_111' title='bbox 1381 1566 1480 1612; x_wconf 87' lang='grc' dir='ltr'>ταῖς</span> <span class='ocrx_word' id='word_1_112' title='bbox 1522 1560 1825 1615; x_wconf 75' lang='grc' dir='ltr'>φιληδονίαις,</span> 
     </span>
     <span class='ocr_line' id='line_1_14' title="bbox 137 1618 1827 1674; baseline 0.001 -14"><span class='ocrx_word' id='word_1_113' title='bbox 137 1619 297 1672; x_wconf 84' lang='grc' dir='ltr'>ὥσπερ</span> <span class='ocrx_word' id='word_1_114' title='bbox 338 1618 541 1671; x_wconf 85' lang='grc' dir='ltr'>ὀργάνου</span> <span class='ocrx_word' id='word_1_115' title='bbox 580 1619 706 1669; x_wconf 90' lang='grc' dir='ltr'>τινὸς</span> <span class='ocrx_word' id='word_1_116' title='bbox 744 1620 772 1672; x_wconf 86' lang='grc' dir='ltr'>ἢ</span> <span class='ocrx_word' id='word_1_117' title='bbox 815 1620 1010 1670; x_wconf 90' lang='grc' dir='ltr'>σκεύους</span> <span class='ocrx_word' id='word_1_118' title='bbox 1048 1623 1199 1671; x_wconf 86' lang='grc' dir='ltr'>κακῶς</span> <span class='ocrx_word' id='word_1_119' title='bbox 1237 1620 1426 1672; x_wconf 83' lang='grc' dir='ltr'>ἔχοντος</span> <span class='ocrx_word' id='word_1_120' title='bbox 1462 1621 1547 1662; x_wconf 89' lang='grc' dir='ltr'>τὸν</span> <span class='ocrx_word' id='word_1_121' title='bbox 1586 1621 1827 1674; x_wconf 88' lang='grc' dir='ltr'>χρώμενον</span> 
     </span>
     <span class='ocr_line' id='line_1_15' title="bbox 137 1675 1827 1732; baseline 0 -12"><span class='ocrx_word' id='word_1_122' title='bbox 137 1676 482 1729; x_wconf 76' lang='grc' dir='ltr'>αἰτιασάμενος’</span> <span class='ocrx_word' id='word_1_123' title='bbox 529 1678 577 1719; x_wconf 85' lang='lat' dir='ltr'>et</span> <span class='ocrx_word' id='word_1_124' title='bbox 623 1675 753 1732; x_wconf 88' lang='lat' dir='ltr'>Epic.</span> <span class='ocrx_word' id='word_1_125' title='bbox 802 1676 931 1732; x_wconf 79' lang='lat' dir='ltr'>apud</span> <span class='ocrx_word' id='word_1_126' title='bbox 968 1676 1046 1720; x_wconf 90' lang='lat' dir='ltr'>Us.</span> <span class='ocrx_word' id='word_1_127' title='bbox 1086 1676 1141 1719; x_wconf 91' lang='lat' dir='ltr'>fr.</span> <span class='ocrx_word' id='word_1_128' title='bbox 1168 1681 1254 1720; x_wconf 90' lang='lat'>445</span> <span class='ocrx_word' id='word_1_129' title='bbox 1299 1679 1414 1732; x_wconf 83' lang='grc' dir='ltr'>μηδὲ</span> <span class='ocrx_word' id='word_1_130' title='bbox 1454 1678 1701 1731; x_wconf 83' lang='grc' dir='ltr'>αἰτιώμεθα</span> <span class='ocrx_word' id='word_1_131' title='bbox 1738 1681 1827 1732; x_wconf 89' lang='grc' dir='ltr'>τὴν</span> 
     </span>
     <span class='ocr_line' id='line_1_16' title="bbox 135 1736 1827 1792; baseline 0.001 -13"><span class='ocrx_word' id='word_1_132' title='bbox 135 1736 285 1790; x_wconf 88' lang='grc' dir='ltr'>σάρκα</span> <span class='ocrx_word' id='word_1_133' title='bbox 317 1737 381 1788; x_wconf 83' lang='grc' dir='ltr'>ὡς</span> <span class='ocrx_word' id='word_1_134' title='bbox 409 1740 507 1779; x_wconf 86' lang='grc' dir='ltr'>τῶν</span> <span class='ocrx_word' id='word_1_135' title='bbox 541 1737 754 1789; x_wconf 89' lang='grc' dir='ltr'>μεγάλων</span> <span class='ocrx_word' id='word_1_136' title='bbox 786 1741 942 1780; x_wconf 89' lang='grc' dir='ltr'>κακῶν</span> <span class='ocrx_word' id='word_1_137' title='bbox 973 1736 1123 1780; x_wconf 84' lang='grc' dir='ltr'>αἰτίαν</span> <span class='ocrx_word' id='word_1_138' title='bbox 1149 1736 1262 1791; x_wconf 82' lang='grc' dir='ltr'>μηδ’</span> <span class='ocrx_word' id='word_1_139' title='bbox 1293 1737 1356 1790; x_wconf 85' lang='grc' dir='ltr'>εἰς</span> <span class='ocrx_word' id='word_1_140' title='bbox 1376 1739 1434 1780; x_wconf 91' lang='grc' dir='ltr'>τὰ</span> <span class='ocrx_word' id='word_1_141' title='bbox 1458 1738 1705 1792; x_wconf 88' lang='grc' dir='ltr'>πράγματα</span> <span class='ocrx_word' id='word_1_142' title='bbox 1727 1739 1827 1792; x_wconf 89' lang='grc' dir='ltr'>τρέ-</span> 
     </span>
     <span class='ocr_line' id='line_1_17' title="bbox 135 1796 1827 1852; baseline 0 -14"><span class='ocrx_word' id='word_1_143' title='bbox 135 1809 298 1848; x_wconf 90' lang='grc' dir='ltr'>πωμεν</span> <span class='ocrx_word' id='word_1_144' title='bbox 329 1796 412 1847; x_wconf 90' lang='grc' dir='ltr'>τὰς</span> <span class='ocrx_word' id='word_1_145' title='bbox 442 1797 705 1850; x_wconf 89' lang='grc' dir='ltr'>δυσφορὰς,</span> <span class='ocrx_word' id='word_1_146' title='bbox 739 1797 789 1839; x_wconf 84' lang='grc' dir='ltr'>ἑν</span> <span class='ocrx_word' id='word_1_147' title='bbox 822 1797 872 1839; x_wconf 77' lang='grc' dir='ltr'>δὲ</span> <span class='ocrx_word' id='word_1_148' title='bbox 902 1801 959 1851; x_wconf 86' lang='grc' dir='ltr'>τῇ</span> <span class='ocrx_word' id='word_1_149' title='bbox 993 1801 1119 1852; x_wconf 87' lang='grc' dir='ltr'>ψυχῇ</span> <span class='ocrx_word' id='word_1_150' title='bbox 1152 1797 1235 1848; x_wconf 87' lang='grc' dir='ltr'>τὰς</span> <span class='ocrx_word' id='word_1_151' title='bbox 1263 1797 1448 1839; x_wconf 90' lang='grc' dir='ltr'>τούτων</span> <span class='ocrx_word' id='word_1_152' title='bbox 1479 1796 1625 1848; x_wconf 85' lang='grc' dir='ltr'>αἰτίας</span> <span class='ocrx_word' id='word_1_153' title='bbox 1654 1799 1827 1850; x_wconf 79' lang='grc' dir='ltr'>μᾶλλον</span> 
     </span>
     <span class='ocr_line' id='line_1_18' title="bbox 137 1857 476 1909; baseline -0.006 -10"><span class='ocrx_word' id='word_1_154' title='bbox 137 1858 351 1909; x_wconf 85' lang='grc' dir='ltr'>Ζητῶμεν</span> <span class='ocrx_word' id='word_1_155' title='bbox 382 1857 476 1898; x_wconf 86' lang='grc' dir='ltr'>κτλ.</span> 
     </span>
    </p>

    <p class='ocr_par' dir='ltr' id='par_1_4' title="bbox 135 1912 1831 2324">
     <span class='ocr_line' id='line_1_19' title="bbox 260 1912 1831 1970; baseline 0.001 -14"><span class='ocrx_word' id='word_1_156' title='bbox 260 1928 298 1956; x_wconf 91' lang='lat' dir='ltr'>v.</span> <span class='ocrx_word' id='word_1_157' title='bbox 326 1913 397 1970; x_wconf 74' lang='lat' dir='ltr'>8s9</span> <span class='ocrx_word' id='word_1_158' title='bbox 439 1913 496 1956; x_wconf 89' lang='lat' dir='ltr'>de</span> <span class='ocrx_word' id='word_1_159' title='bbox 530 1926 721 1969; x_wconf 87' lang='lat' dir='ltr'>corpore</span> <span class='ocrx_word' id='word_1_160' title='bbox 758 1927 852 1956; x_wconf 90' lang='lat' dir='ltr'>non</span> <span class='ocrx_word' id='word_1_161' title='bbox 883 1912 1031 1958; x_wconf 89' lang='lat' dir='ltr'>multo</span> <span class='ocrx_word' id='word_1_162' title='bbox 1063 1913 1304 1970; x_wconf 87' lang='lat' dir='ltr'>indigente</span> <span class='ocrx_word' id='word_1_163' title='bbox 1337 1913 1417 1957; x_wconf 81' lang='lat' dir='ltr'>cfr.</span> <span class='ocrx_word' id='word_1_164' title='bbox 1451 1913 1529 1957; x_wconf 86' lang='lat' dir='ltr'>Us.</span> <span class='ocrx_word' id='word_1_165' title='bbox 1561 1912 1640 1957; x_wconf 80' lang='lat' dir='ltr'>frr&#39;.</span> <span class='ocrx_word' id='word_1_166' title='bbox 1665 1917 1751 1957; x_wconf 80' lang='lat'>200</span> <span class='ocrx_word' id='word_1_167' title='bbox 1783 1916 1831 1957; x_wconf 86' lang='lat' dir='ltr'>et</span> 
     </span>
     <span class='ocr_line' id='line_1_20' title="bbox 137 1969 1825 2028; baseline 0.001 -13"><span class='ocrx_word' id='word_1_168' title='bbox 137 1976 223 2015; x_wconf 81' lang='lat'>602</span> <span class='ocrx_word' id='word_1_169' title='bbox 257 1974 304 2016; x_wconf 82' lang='lat' dir='ltr'>st</span> <span class='ocrx_word' id='word_1_170' title='bbox 334 1969 507 2016; x_wconf 84' lang='lat' dir='ltr'>Wotke</span> <span class='ocrx_word' id='word_1_171' title='bbox 540 1973 685 2017; x_wconf 79' lang='lat' dir='ltr'>Wien.</span> <span class='ocrx_word' id='word_1_172' title='bbox 718 1972 850 2017; x_wconf 81' lang='lat' dir='ltr'>Stud.</span> <span class='ocrx_word' id='word_1_173' title='bbox 876 1972 916 2015; x_wconf 89' lang='lat' dir='ltr'>X</span> <span class='ocrx_word' id='word_1_174' title='bbox 943 1976 1026 2016; x_wconf 85' lang='lat'>193</span> <span class='ocrx_word' id='word_1_175' title='bbox 1060 1974 1174 2016; x_wconf 89' lang='lat' dir='ltr'>sent.</span> <span class='ocrx_word' id='word_1_176' title='bbox 1202 1977 1257 2015; x_wconf 86' lang='lat'>33</span> <span class='ocrx_word' id='word_1_177' title='bbox 1290 1975 1460 2028; x_wconf 88' lang='grc' dir='ltr'>σαρκὸς</span> <span class='ocrx_word' id='word_1_178' title='bbox 1490 1976 1630 2028; x_wconf 88' lang='grc' dir='ltr'>φωνὴ</span> <span class='ocrx_word' id='word_1_179' title='bbox 1665 1975 1721 2016; x_wconf 88' lang='grc' dir='ltr'>τὸ</span> <span class='ocrx_word' id='word_1_180' title='bbox 1764 1975 1825 2027; x_wconf 87' lang='grc' dir='ltr'>μὴ</span> 
     </span>
     <span class='ocr_line' id='line_1_21' title="bbox 135 2034 1830 2088; baseline -0.001 -12"><span class='ocrx_word' id='word_1_181' title='bbox 135 2036 319 2087; x_wconf 88' lang='grc' dir='ltr'>πεινῆν,</span> <span class='ocrx_word' id='word_1_182' title='bbox 362 2034 419 2076; x_wconf 88' lang='grc' dir='ltr'>τὸ</span> <span class='ocrx_word' id='word_1_183' title='bbox 460 2035 521 2087; x_wconf 87' lang='grc' dir='ltr'>μὴ</span> <span class='ocrx_word' id='word_1_184' title='bbox 562 2035 726 2087; x_wconf 88' lang='grc' dir='ltr'>διψῆν,</span> <span class='ocrx_word' id='word_1_185' title='bbox 765 2034 820 2075; x_wconf 90' lang='grc' dir='ltr'>τὸ</span> <span class='ocrx_word' id='word_1_186' title='bbox 862 2035 922 2087; x_wconf 90' lang='grc' dir='ltr'>μὴ</span> <span class='ocrx_word' id='word_1_187' title='bbox 956 2035 1129 2088; x_wconf 83' lang='grc' dir='ltr'>ῥιγοῦν.</span> <span class='ocrx_word' id='word_1_188' title='bbox 1200 2036 1349 2076; x_wconf 83' lang='grc' dir='ltr'>ταῦτα</span> <span class='ocrx_word' id='word_1_189' title='bbox 1379 2034 1468 2086; x_wconf 87' lang='grc' dir='ltr'>γὰρ</span> <span class='ocrx_word' id='word_1_190' title='bbox 1500 2034 1623 2086; x_wconf 87' lang='grc' dir='ltr'>ἔχων</span> <span class='ocrx_word' id='word_1_191' title='bbox 1652 2046 1721 2085; x_wconf 89' lang='grc' dir='ltr'>τις</span> <span class='ocrx_word' id='word_1_192' title='bbox 1752 2034 1830 2076; x_wconf 81' lang='grc' dir='ltr'>καὶ</span> 
     </span>
     <span class='ocr_line' id='line_1_22' title="bbox 135 2090 1822 2146; baseline -0.001 -10"><span class='ocrx_word' id='word_1_193' title='bbox 135 2091 331 2137; x_wconf 80' lang='grc' dir='ltr'>ἐλπίζων</span> <span class='ocrx_word' id='word_1_194' title='bbox 363 2093 480 2137; x_wconf 87' lang='grc' dir='ltr'>ἕξειν</span> <span class='ocrx_word' id='word_1_195' title='bbox 511 2093 597 2136; x_wconf 88' lang='grc' dir='ltr'>κᾶν</span> <span class='ocrx_word' id='word_1_196' title='bbox 629 2093 705 2135; x_wconf 83' lang='grc' dir='ltr'>Διὶ</span> <span class='ocrx_word' id='word_1_197' title='bbox 736 2093 853 2146; x_wconf 80' lang='grc' dir='ltr'>ὑπὲρ</span> <span class='ocrx_word' id='word_1_198' title='bbox 884 2092 1177 2144; x_wconf 84' lang='grc' dir='ltr'>εὐδαιμονίας</span> <span class='ocrx_word' id='word_1_199' title='bbox 1207 2093 1470 2146; x_wconf 89' lang='grc' dir='ltr'>μαχέσαιτο.</span> <span class='ocrx_word' id='word_1_200' title='bbox 1532 2090 1680 2135; x_wconf 76' lang='lat' dir='ltr'>etiam</span> <span class='ocrx_word' id='word_1_201' title='bbox 1725 2093 1822 2146; x_wconf 87' lang='grc' dir='ltr'>κύρ.</span> 
     </span>
     <span class='ocr_line' id='line_1_23' title="bbox 138 2149 1828 2206; baseline -0.001 -11"><span class='ocrx_word' id='word_1_202' title='bbox 138 2152 230 2196; x_wconf 85' lang='grc' dir='ltr'>δόξ.</span> <span class='ocrx_word' id='word_1_203' title='bbox 267 2155 321 2194; x_wconf 81' lang='lat'>15</span> <span class='ocrx_word' id='word_1_204' title='bbox 355 2153 403 2194; x_wconf 92' lang='lat' dir='ltr'>et</span> <span class='ocrx_word' id='word_1_205' title='bbox 434 2155 487 2193; x_wconf 79' lang='lat'>21</span> <span class='ocrx_word' id='word_1_206' title='bbox 524 2152 572 2194; x_wconf 88' lang='lat' dir='ltr'>et</span> <span class='ocrx_word' id='word_1_207' title='bbox 602 2149 656 2193; x_wconf 85' lang='lat' dir='ltr'>fr.</span> <span class='ocrx_word' id='word_1_208' title='bbox 690 2154 776 2194; x_wconf 84' lang='lat'>469</span> <span class='ocrx_word' id='word_1_209' title='bbox 816 2149 895 2194; x_wconf 89' lang='lat' dir='ltr'>Us.</span> <span class='ocrx_word' id='word_1_210' title='bbox 930 2150 1211 2194; x_wconf 82' lang='lat' dir='ltr'>conferenda</span> <span class='ocrx_word' id='word_1_211' title='bbox 1249 2152 1358 2194; x_wconf 85' lang='lat' dir='ltr'>sunt</span> <span class='ocrx_word' id='word_1_212' title='bbox 1388 2149 1460 2206; x_wconf 87' lang='lat' dir='ltr'>(fr.</span> <span class='ocrx_word' id='word_1_213' title='bbox 1485 2153 1571 2193; x_wconf 85' lang='grc'>469</span> <span class='ocrx_word' id='word_1_214' title='bbox 1605 2151 1734 2205; x_wconf 90' lang='grc' dir='ltr'>χάρις</span> <span class='ocrx_word' id='word_1_215' title='bbox 1770 2155 1828 2205; x_wconf 81' lang='grc' dir='ltr'>τῇ</span> 
     </span>
     <span class='ocr_line' id='line_1_24' title="bbox 138 2210 1831 2267; baseline -0.001 -13"><span class='ocrx_word' id='word_1_216' title='bbox 138 2210 337 2267; x_wconf 86' lang='grc' dir='ltr'>μακαρίᾳ</span> <span class='ocrx_word' id='word_1_217' title='bbox 377 2211 536 2266; x_wconf 88' lang='grc' dir='ltr'>φύσει,</span> <span class='ocrx_word' id='word_1_218' title='bbox 579 2211 651 2253; x_wconf 90' lang='grc' dir='ltr'>ὅτι</span> <span class='ocrx_word' id='word_1_219' title='bbox 689 2211 748 2254; x_wconf 90' lang='grc' dir='ltr'>τὰ</span> <span class='ocrx_word' id='word_1_220' title='bbox 787 2211 1013 2263; x_wconf 90' lang='grc' dir='ltr'>ἀναγκαῖα</span> <span class='ocrx_word' id='word_1_221' title='bbox 1053 2210 1270 2265; x_wconf 85' lang='grc' dir='ltr'>ἐποίησεν</span> <span class='ocrx_word' id='word_1_222' title='bbox 1310 2211 1641 2264; x_wconf 87' lang='grc' dir='ltr'>εὐπόριστα,</span> <span class='ocrx_word' id='word_1_223' title='bbox 1688 2210 1747 2253; x_wconf 85' lang='grc' dir='ltr'>τὰ</span> <span class='ocrx_word' id='word_1_224' title='bbox 1779 2211 1831 2253; x_wconf 80' lang='grc' dir='ltr'>δὲ</span> 
     </span>
     <span class='ocr_line' id='line_1_25' title="bbox 140 2269 832 2324; baseline -0.003 -10"><span class='ocrx_word' id='word_1_225' title='bbox 140 2271 428 2324; x_wconf 88' lang='grc' dir='ltr'>δυσπόριστα</span> <span class='ocrx_word' id='word_1_226' title='bbox 460 2271 547 2314; x_wconf 86' lang='grc' dir='ltr'>οὐκ</span> <span class='ocrx_word' id='word_1_227' title='bbox 579 2269 832 2322; x_wconf 79' lang='grc' dir='ltr'>ἀναγκαῖα’.</span> 
     </span>
    </p>

    <p class='ocr_par' dir='ltr' id='par_1_5' title="bbox 137 2327 1833 2677">
     <span class='ocr_line' id='line_1_26' title="bbox 256 2327 1829 2384; baseline -0.001 -12"><span class='ocrx_word' id='word_1_228' title='bbox 256 2343 296 2372; x_wconf 83' lang='lat' dir='ltr'>v.</span> <span class='ocrx_word' id='word_1_229' title='bbox 325 2327 380 2372; x_wconf 85' lang='lat'>10</span> <span class='ocrx_word' id='word_1_230' title='bbox 394 2342 493 2384; x_wconf 86' lang='lat' dir='ltr'>sqq.</span> <span class='ocrx_word' id='word_1_231' title='bbox 534 2329 602 2372; x_wconf 83' lang='grc' dir='ltr'>ὧν</span> <span class='ocrx_word' id='word_1_232' title='bbox 650 2329 840 2372; x_wconf 87' lang='grc' dir='ltr'>δύναται</span> <span class='ocrx_word' id='word_1_233' title='bbox 888 2331 963 2372; x_wconf 84' lang='grc' dir='ltr'>καὶ</span> <span class='ocrx_word' id='word_1_234' title='bbox 1000 2330 1029 2382; x_wconf 87' lang='grc' dir='ltr'>ἡ</span> <span class='ocrx_word' id='word_1_235' title='bbox 1070 2329 1198 2381; x_wconf 89' lang='grc' dir='ltr'>ψυχὴ</span> <span class='ocrx_word' id='word_1_236' title='bbox 1239 2328 1632 2371; x_wconf 88' lang='grc' dir='ltr'>συναπολαύουσα</span> <span class='ocrx_word' id='word_1_237' title='bbox 1678 2329 1829 2378; x_wconf 86' lang='grc' dir='ltr'>καλῶς</span> 
     </span>
     <span class='ocr_line' id='line_1_27' title="bbox 138 2385 1833 2444; baseline -0.002 -12"><span class='ocrx_word' id='word_1_238' title='bbox 138 2389 330 2444; x_wconf 87' lang='grc' dir='ltr'>διάγειν]</span> <span class='ocrx_word' id='word_1_239' title='bbox 362 2387 444 2431; x_wconf 88' lang='lat' dir='ltr'>cfr.</span> <span class='ocrx_word' id='word_1_240' title='bbox 477 2387 707 2444; x_wconf 80' lang='lat' dir='ltr'>imprimis</span> <span class='ocrx_word' id='word_1_241' title='bbox 739 2386 817 2430; x_wconf 91' lang='lat' dir='ltr'>Us.</span> <span class='ocrx_word' id='word_1_242' title='bbox 850 2385 906 2430; x_wconf 86' lang='lat' dir='ltr'>fr.</span> <span class='ocrx_word' id='word_1_243' title='bbox 931 2391 1017 2430; x_wconf 82' lang='lat'>429</span> <span class='ocrx_word' id='word_1_244' title='bbox 1051 2387 1090 2430; x_wconf 83' lang='grc' dir='ltr'>εἰ</span> <span class='ocrx_word' id='word_1_245' title='bbox 1113 2386 1162 2430; x_wconf 81' lang='grc' dir='ltr'>δ’</span> <span class='ocrx_word' id='word_1_246' title='bbox 1185 2388 1368 2439; x_wconf 86' lang='grc' dir='ltr'>ἀκούεις</span> <span class='ocrx_word' id='word_1_247' title='bbox 1390 2388 1547 2430; x_wconf 80' lang='grc' dir='ltr'>αιήῶν</span> <span class='ocrx_word' id='word_1_248' title='bbox 1573 2400 1833 2441; x_wconf 88' lang='grc' dir='ltr'>μαρτυρου·</span> 
     </span>
     <span class='ocr_line' id='line_1_28' title="bbox 139 2446 1829 2502; baseline -0.002 -11"><span class='ocrx_word' id='word_1_249' title='bbox 139 2449 293 2500; x_wconf 83' lang='grc' dir='ltr'>μένων</span> <span class='ocrx_word' id='word_1_250' title='bbox 332 2451 406 2491; x_wconf 85' lang='grc' dir='ltr'>καὶ</span> <span class='ocrx_word' id='word_1_251' title='bbox 447 2449 691 2502; x_wconf 85' lang='grc' dir='ltr'>βοώντων,</span> <span class='ocrx_word' id='word_1_252' title='bbox 732 2448 796 2499; x_wconf 87' lang='grc' dir='ltr'>ὡς</span> <span class='ocrx_word' id='word_1_253' title='bbox 834 2446 906 2490; x_wconf 82' lang='grc' dir='ltr'>ἐπ’</span> <span class='ocrx_word' id='word_1_254' title='bbox 945 2447 1100 2490; x_wconf 78' lang='grc' dir='ltr'>οὐδενὶ</span> <span class='ocrx_word' id='word_1_255' title='bbox 1139 2448 1266 2500; x_wconf 78' lang='grc' dir='ltr'>ψυχὴ</span> <span class='ocrx_word' id='word_1_256' title='bbox 1305 2450 1402 2489; x_wconf 85' lang='grc' dir='ltr'>τῶν</span> <span class='ocrx_word' id='word_1_257' title='bbox 1448 2446 1601 2489; x_wconf 73' lang='grc' dir='ltr'>ὄντων</span> <span class='ocrx_word' id='word_1_258' title='bbox 1648 2446 1829 2499; x_wconf 87' lang='grc' dir='ltr'>πέφυκε</span> 
     </span>
     <span class='ocr_line' id='line_1_29' title="bbox 137 2505 1825 2562; baseline -0.002 -12"><span class='ocrx_word' id='word_1_259' title='bbox 137 2506 309 2561; x_wconf 86' lang='grc' dir='ltr'>χαίρειν</span> <span class='ocrx_word' id='word_1_260' title='bbox 335 2509 422 2562; x_wconf 38' lang='grc' dir='ltr'>,καὶ</span> <span class='ocrx_word' id='word_1_261' title='bbox 460 2506 718 2561; x_wconf 83' lang='grc' dir='ltr'>γαληνίζειν</span> <span class='ocrx_word' id='word_1_262' title='bbox 756 2508 879 2560; x_wconf 86' lang='grc' dir='ltr'>πλὴν</span> <span class='ocrx_word' id='word_1_263' title='bbox 918 2507 991 2550; x_wconf 82' lang='grc' dir='ltr'>ἐπὶ</span> <span class='ocrx_word' id='word_1_264' title='bbox 1031 2506 1247 2558; x_wconf 87' lang='grc' dir='ltr'>σώματος</span> <span class='ocrx_word' id='word_1_265' title='bbox 1284 2506 1474 2559; x_wconf 83' lang='grc' dir='ltr'>ἡδοναῖς</span> <span class='ocrx_word' id='word_1_266' title='bbox 1502 2505 1757 2559; x_wconf 90' lang='grc' dir='ltr'>παρούσαις</span> <span class='ocrx_word' id='word_1_267' title='bbox 1798 2506 1825 2557; x_wconf 81' lang='grc' dir='ltr'>ἢ</span> 
     </span>
     <span class='ocr_line' id='line_1_30' title="bbox 138 2562 1827 2620; baseline -0.002 -10"><span class='ocrx_word' id='word_1_268' title='bbox 138 2567 566 2620; x_wconf 85' lang='grc' dir='ltr'>προσδοκωμέναις,</span> <span class='ocrx_word' id='word_1_269' title='bbox 600 2568 673 2609; x_wconf 89' lang='grc' dir='ltr'>καὶ</span> <span class='ocrx_word' id='word_1_270' title='bbox 704 2569 847 2608; x_wconf 83' lang='grc' dir='ltr'>τοῦτο</span> <span class='ocrx_word' id='word_1_271' title='bbox 879 2566 1024 2619; x_wconf 75' lang='grc' dir='ltr'>αὐτῆς</span> <span class='ocrx_word' id='word_1_272' title='bbox 1054 2565 1228 2617; x_wconf 89' lang='grc' dir='ltr'>ἀγαθόν</span> <span class='ocrx_word' id='word_1_273' title='bbox 1261 2565 1407 2619; x_wconf 85' lang='grc' dir='ltr'>ἐστιν,</span> <span class='ocrx_word' id='word_1_274' title='bbox 1441 2563 1515 2619; x_wconf 80' lang='grc' dir='ltr'>ἆρ’</span> <span class='ocrx_word' id='word_1_275' title='bbox 1545 2565 1602 2607; x_wconf 82' lang='grc' dir='ltr'>οὐ</span> <span class='ocrx_word' id='word_1_276' title='bbox 1635 2562 1827 2607; x_wconf 83' lang='grc' dir='ltr'>δοκοῦσί</span> 
     </span>
     <span class='ocr_line' id='line_1_31' title="bbox 144 2623 1032 2677; baseline -0.003 -8"><span class='ocrx_word' id='word_1_277' title='bbox 144 2636 217 2669; x_wconf 91' lang='grc' dir='ltr'>σοι</span> <span class='ocrx_word' id='word_1_278' title='bbox 250 2627 343 2669; x_wconf 89' lang='grc' dir='ltr'>κτλ.</span> <span class='ocrx_word' id='word_1_279' title='bbox 410 2623 490 2668; x_wconf 87' lang='lat' dir='ltr'>cfr.</span> <span class='ocrx_word' id='word_1_280' title='bbox 525 2624 670 2667; x_wconf 80' lang='lat' dir='ltr'>etiam</span> <span class='ocrx_word' id='word_1_281' title='bbox 700 2623 779 2667; x_wconf 85' lang='lat' dir='ltr'>frr.</span> <span class='ocrx_word' id='word_1_282' title='bbox 806 2627 907 2677; x_wconf 79' lang='lat'>425,</span> <span class='ocrx_word' id='word_1_283' title='bbox 931 2626 1032 2667; x_wconf 88' lang='grc'>418.</span> 
     </span>
    </p>

    <p class='ocr_par' dir='ltr' id='par_1_6' title="bbox 136 2679 1867 2976">
     <span class='ocr_line' id='line_1_32' title="bbox 260 2679 1830 2738; baseline -0.003 -11"><span class='ocrx_word' id='word_1_284' title='bbox 260 2683 346 2728; x_wconf 91' lang='lat' dir='ltr'>col.</span> <span class='ocrx_word' id='word_1_285' title='bbox 372 2683 415 2727; x_wconf 88' lang='lat' dir='ltr'><strong>H</strong></span> <span class='ocrx_word' id='word_1_286' title='bbox 447 2699 485 2727; x_wconf 86' lang='lat' dir='ltr'>v.</span> <span class='ocrx_word' id='word_1_287' title='bbox 518 2688 572 2727; x_wconf 92' lang='lat'>10</span> <span class='ocrx_word' id='word_1_288' title='bbox 603 2687 661 2738; x_wconf 87' lang='grc' dir='ltr'>τῆ</span> <span class='ocrx_word' id='word_1_289' title='bbox 687 2687 784 2727; x_wconf 86' lang='grc' dir='ltr'>τῶν</span> <span class='ocrx_word' id='word_1_290' title='bbox 809 2684 991 2737; x_wconf 90' lang='grc' dir='ltr'>χρόνων</span> <span class='ocrx_word' id='word_1_291' title='bbox 1016 2682 1241 2736; x_wconf 86' lang='grc' dir='ltr'>ἀπωλεία]</span> <span class='ocrx_word' id='word_1_292' title='bbox 1270 2680 1327 2723; x_wconf 85' lang='lat' dir='ltr'>de</span> <span class='ocrx_word' id='word_1_293' title='bbox 1351 2680 1409 2723; x_wconf 90' lang='lat' dir='ltr'>iis</span> <span class='ocrx_word' id='word_1_294' title='bbox 1434 2680 1612 2724; x_wconf 86' lang='lat' dir='ltr'>dictum</span> <span class='ocrx_word' id='word_1_295' title='bbox 1636 2683 1719 2735; x_wconf 87' lang='lat' dir='ltr'>est,</span> <span class='ocrx_word' id='word_1_296' title='bbox 1753 2679 1830 2735; x_wconf 88' lang='lat' dir='ltr'>qui</span> 
     </span>
     <span class='ocr_line' id='line_1_33' title="bbox 140 2740 1867 2798; baseline -0.002 -14"><span class='ocrx_word' id='word_1_297' title='bbox 140 2742 253 2798; x_wconf 78' lang='lat' dir='ltr'>quia</span> <span class='ocrx_word' id='word_1_298' title='bbox 296 2743 512 2788; x_wconf 86' lang='lat' dir='ltr'>nesciunt</span> <span class='ocrx_word' id='word_1_299' title='bbox 559 2755 679 2798; x_wconf 79' lang='lat' dir='ltr'>qnae</span> <span class='ocrx_word' id='word_1_300' title='bbox 718 2741 810 2785; x_wconf 89' lang='lat' dir='ltr'>sibi</span> <span class='ocrx_word' id='word_1_301' title='bbox 849 2741 1030 2798; x_wconf 85' lang='lat' dir='ltr'>prosint</span> <span class='ocrx_word' id='word_1_302' title='bbox 1069 2753 1123 2783; x_wconf 81' lang='lat' dir='ltr'>ea</span> <span class='ocrx_word' id='word_1_303' title='bbox 1162 2740 1393 2794; x_wconf 75' lang='lat' dir='ltr'>quaerunt</span> <span class='ocrx_word' id='word_1_304' title='bbox 1430 2752 1551 2795; x_wconf 77' lang='lat' dir='ltr'>quae</span> <span class='ocrx_word' id='word_1_305' title='bbox 1590 2753 1683 2783; x_wconf 89' lang='lat' dir='ltr'>non</span> <span class='ocrx_word' id='word_1_306' title='bbox 1724 2752 1831 2795; x_wconf 89' lang='lat' dir='ltr'>pro·</span> <span class='ocrx_word' id='word_1_307' title='bbox 1851 2776 1867 2782; x_wconf 40' lang='grc' dir='ltr'>ε</span> 
     </span>
     <span class='ocr_line' id='line_1_34' title="bbox 140 2798 1834 2857; baseline -0.002 -13"><span class='ocrx_word' id='word_1_308' title='bbox 140 2804 269 2857; x_wconf 87' lang='lat' dir='ltr'>sunt,</span> <span class='ocrx_word' id='word_1_309' title='bbox 301 2802 351 2845; x_wconf 88' lang='lat' dir='ltr'>id</span> <span class='ocrx_word' id='word_1_310' title='bbox 382 2804 454 2846; x_wconf 86' lang='lat' dir='ltr'>est</span> <span class='ocrx_word' id='word_1_311' title='bbox 484 2801 739 2846; x_wconf 88' lang='lat' dir='ltr'>secundum</span> <span class='ocrx_word' id='word_1_312' title='bbox 773 2799 1023 2856; x_wconf 77' lang='lat' dir='ltr'>Epicurum</span> <span class='ocrx_word' id='word_1_313' title='bbox 1054 2799 1110 2852; x_wconf 87' lang='lat' dir='ltr'>ii,</span> <span class='ocrx_word' id='word_1_314' title='bbox 1143 2798 1223 2855; x_wconf 91' lang='lat' dir='ltr'>qui</span> <span class='ocrx_word' id='word_1_315' title='bbox 1253 2804 1353 2851; x_wconf 87' lang='grc' dir='ltr'>ταῖς</span> <span class='ocrx_word' id='word_1_316' title='bbox 1382 2804 1536 2852; x_wconf 78' lang='grc' dir='ltr'>κεναῖς</span> <span class='ocrx_word' id='word_1_317' title='bbox 1569 2802 1653 2853; x_wconf 85' lang='grc' dir='ltr'>τῆς</span> <span class='ocrx_word' id='word_1_318' title='bbox 1680 2801 1834 2852; x_wconf 86' lang='grc' dir='ltr'>ψυχῆς</span> 
     </span>
     <span class='ocr_line' id='line_1_35' title="bbox 141 2856 1832 2917; baseline -0.003 -13"><span class='ocrx_word' id='word_1_319' title='bbox 141 2861 293 2914; x_wconf 86' lang='grc' dir='ltr'>δόξαις</span> <span class='ocrx_word' id='word_1_320' title='bbox 323 2860 653 2917; x_wconf 89' lang='lat' dir='ltr'>obsequuntur.</span> <span class='ocrx_word' id='word_1_321' title='bbox 717 2859 797 2904; x_wconf 87' lang='lat' dir='ltr'>cfr.</span> <span class='ocrx_word' id='word_1_322' title='bbox 831 2859 1082 2916; x_wconf 77' lang='lat' dir='ltr'>praecipue</span> <span class='ocrx_word' id='word_1_323' title='bbox 1115 2857 1312 2914; x_wconf 86' lang='lat' dir='ltr'>Epictet.</span> <span class='ocrx_word' id='word_1_324' title='bbox 1346 2857 1455 2901; x_wconf 83' lang='lat' dir='ltr'>diss.</span> <span class='ocrx_word' id='word_1_325' title='bbox 1480 2856 1545 2900; x_wconf 93' lang='lat' dir='ltr'>III</span> <span class='ocrx_word' id='word_1_326' title='bbox 1574 2861 1646 2911; x_wconf 77' lang='lat'>26,</span> <span class='ocrx_word' id='word_1_327' title='bbox 1671 2860 1726 2899; x_wconf 80' lang='lat'>36</span> <span class='ocrx_word' id='word_1_328' title='bbox 1759 2859 1832 2900; x_wconf 84' lang='grc' dir='ltr'>καί</span> 
     </span>
     <span class='ocr_line' id='line_1_36' title="bbox 136 2915 1832 2976; baseline -0.003 -12"><span class='ocrx_word' id='word_1_329' title='bbox 136 2922 193 2964; x_wconf 84' lang='grc' dir='ltr'>τὸ</span> <span class='ocrx_word' id='word_1_330' title='bbox 223 2925 309 2964; x_wconf 84' lang='grc' dir='ltr'>τοῦ</span> <span class='ocrx_word' id='word_1_331' title='bbox 342 2922 609 2976; x_wconf 91' lang='grc' dir='ltr'>φιλοσόφου</span> <span class='ocrx_word' id='word_1_332' title='bbox 643 2923 796 2974; x_wconf 85' lang='grc' dir='ltr'>δῶρον</span> <span class='ocrx_word' id='word_1_333' title='bbox 827 2923 969 2963; x_wconf 87' lang='grc' dir='ltr'>τοῦτο</span> <span class='ocrx_word' id='word_1_334' title='bbox 1001 2920 1061 2973; x_wconf 81' lang='grc' dir='ltr'>ἦν</span> <span class='ocrx_word' id='word_1_335' title='bbox 1092 2915 1208 2974; x_wconf 89' lang='lat' dir='ltr'>(scil.</span> <span class='ocrx_word' id='word_1_336' title='bbox 1243 2918 1516 2971; x_wconf 86' lang='grc' dir='ltr'>ἀναβλέπειν</span> <span class='ocrx_word' id='word_1_337' title='bbox 1549 2918 1705 2971; x_wconf 83' lang='grc' dir='ltr'>ὀρθοῖς</span> <span class='ocrx_word' id='word_1_338' title='bbox 1734 2920 1832 2966; x_wconf 88' lang='grc' dir='ltr'>τοῖς</span> 
     </span>
    </p>
   </div>
   <div class='ocr_carea' id='block_1_3' title="bbox 0 0 84 3146">
    <p class='ocr_par' dir='ltr' id='par_1_7' title="bbox 0 0 84 3146">
     <span class='ocr_line' id='line_1_37' title="bbox 0 0 84 3146; baseline 0 0"><span class='ocrx_word' id='word_1_339' title='bbox 0 0 84 3146; x_wconf 95' lang='lat' dir='ltr'> </span> 
     </span>
    </p>
   </div>
  </div>
 </body>
</html>
