2066 3146
0 0 374 99 fi

0 101 18 202 ξ
763 120 1129 173 —73—

13 260 22 265 ·
105 251 307 303 ἄπιμεν
347 251 406 293 ἐκ
443 253 543 292 τοῦ
584 252 681 304 ζῆν
723 251 857 302 μετὰ
904 253 1073 294 καλοῦ
1121 253 1368 303 παίωνος
1414 253 1545 306 (corr.
1587 251 1648 301 U,
1690 251 1791 295 cod.

0 308 8 375 'i
104 309 348 364 πλείονος),
382 309 730 363 ἐπιφωνοῦντες
761 311 825 362 ὡς
855 310 906 352 εὖ
940 312 1048 363 ήμῑν
1081 311 1306 363 βεβίωται.

0 377 9 382 ·
222 381 262 410 v.
291 367 435 424 13J14
474 368 529 409 ut
552 366 602 409 in
634 367 869 411 sententia
901 368 1153 412 Metrodori
1186 368 1252 412 sic
1282 368 1360 412 hic
1384 383 1568 425 quoque
1600 368 1792 425 paeanis

103 427 430 483 argumentum
455 424 612 469 afferri
636 429 764 482 puto.
828 426 888 470 ad
913 427 1051 471 verba
1082 429 1308 483 πλήρωμα
1346 433 1442 472 τῶν
1475 430 1598 472 ὅλων
1637 430 1792 482 ἡδέων

103 484 186 529 cfr.
211 485 467 529 Metrodori
490 484 632 528 verba
658 485 746 529 vol.
770 486 904 529 Here.
929 486 1031 530 coll.
1059 486 1139 530 alt.
1164 486 1206 529 X
1238 486 1323 531 col.
1350 486 1455 530 XIV
1486 487 1516 531 f.
1546 491 1599 530 78
1632 487 1792 542 (Korte

104 544 343 588 Metrodor
371 559 416 600 p.
442 545 545 600 587)
578 546 606 601 ᾖ
648 546 690 587 δ’
722 547 778 589 ἂν
817 547 871 588 τὸ
911 547 1138 600 πλήρωμα
1171 551 1267 590 τῶν
1299 549 1487 598 ἀγαθῶν
1525 561 1593 599 τις
1631 547 1680 590 ἐν
1713 548 1792 600 ὀμ·

105 615 241 657 μασιν
271 604 452 659 τίθηται
483 606 584 647 κτλ.

222 663 308 706 col.
332 662 397 705 III
435 677 475 705 v.
502 667 528 704 4
562 664 874 718 εὐσυνκρίτοις
913 663 993 707 cfr.
1019 664 1078 707 ad
1117 663 1218 707 fr.1
1258 664 1343 708 col.
1368 664 1410 708 11
1444 670 1512 708 14.
1545 690 1599 696 —
1631 677 1791 707 vocem

103 724 192 777 ἤδη
250 722 309 765 ad
365 723 680 777 εὐσυνκρίτοις
727 722 870 766 refert
911 722 1108 773 Usener,
1163 737 1255 766 non
1299 727 1446 778 recte;
1504 722 1622 766 dicit
1667 722 1792 767 enim

0 815 6 849 ἱ
101 781 301 837 scriptor
331 795 393 834 se,
426 794 532 824 cum
563 781 659 824 iam
684 782 742 824 ad
767 783 1024 825 extremum
1048 782 1171 838 vitae
1196 783 1335 827 finem
1358 783 1635 839 pervenerit,
1667 795 1791 825 nunc

0 858 6 900 ζ
102 841 294 884 tandem
326 842 472 896 (ἤδη),
515 854 573 883 ne
613 843 762 884 morte
802 841 1128 897 praeveniatur
1160 843 1251 899 (ἵνα
1286 845 1345 897 μὴ
1378 843 1791 898 προλημφθῶμεν),

0 901 7 977 't
102 900 322 943 adiuvare
353 898 471 943 velle
502 902 613 953 τοὺς
643 902 988 955 εύσύνκρίτους.
1052 901 1214 956 itaque
1243 915 1302 944 ne
1333 901 1422 945 hoc
1445 901 1635 956 quidem
1666 902 1792 943 recte

102 958 328 1002 statuitur
375 958 433 1002 ab
481 958 729 1015 Heberdey
777 963 824 1003 et
871 959 1075 1003 Kalinka
1116 976 1161 1017 p.
1198 965 1306 1014 437,
1358 959 1638 1004 sententiam
1685 973 1793 1002 con-

0 1049 10 1082 }
102 1018 375 1062 struendam
407 1032 509 1062 esse
538 1020 615 1062 ἵνα
649 1022 709 1073 μὴ
743 1022 1124 1074 προλημφθώμεν
1157 1024 1360 1074 βοηθεῖν.

0 1090 7 1138 2
221 1092 263 1121 v.
289 1082 342 1121 11
385 1080 446 1132 μὴ
479 1079 601 1122 πάνυ
636 1081 686 1122 δὲ
717 1081 917 1131 πολλούς
948 1091 976 1121 a
1007 1079 1145 1122 verbo
1179 1081 1330 1133 βούλει
1359 1078 1555 1135 pendet3
1587 1077 1668 1121 sed
1700 1091 1790 1120 non

0 1155 5 1166 ³
103 1136 200 1180 iam
234 1139 400 1192 βούλει,
434 1138 515 1180 sed
549 1138 792 1191 βούλεσθαί
825 1149 876 1181 σε
909 1140 976 1182 δεῖ
1008 1138 1380 1181 subaudiendum
1412 1141 1496 1182 est.

222 1210 263 1240 v.
292 1200 347 1239 14
365 1210 465 1252 sqq.
498 1196 575 1238 vix
607 1196 753 1240 facias
786 1211 890 1240 cnm
915 1197 1029 1241 Heb.
1057 1199 1104 1241 et
1128 1196 1252 1250 Kal„
1285 1197 1365 1252 qui
1399 1212 1444 1254 p.
1468 1198 1613 1252 4402‘1
1647 1196 1794 1239 maxi·

101 1268 229 1299 mam
259 1255 503 1299 verborum
536 1256 935 1312 perturbationem
969 1258 1226 1300 statuentes
1266 1256 1332 1300 sic
1365 1258 1658 1300 construunt:
1707 1258 1792 1299 κᾶν

9 1324 13 1325 ’
101 1316 206 1359 καθ’
237 1317 318 1360 ἕνα
350 1317 688 1370 ἐκκαλούμενος
718 1317 825 1370 παρ’
857 1317 1057 1370 ἐμαυτὸν
1082 1317 1145 1369 εἰς
1168 1317 1449 1371 συμβουλίαν
1472 1318 1560 1369 τὴν
1584 1316 1792 1370 ἀρίστην,

101 1377 254 1418 πάντα
294 1377 536 1430 ἔπραττον.
610 1390 717 1418 narn
757 1377 908 1420 πάντα
954 1377 1172 1430 πράττειν
1213 1376 1276 1428 εἷς
1313 1391 1355 1419 τι
1396 1375 1580 1431 saepius
1620 1373 1794 1417 dicitur

102 1433 183 1477 cfr.
209 1433 396 1490 Epicur.
429 1449 499 1490 ep.
532 1433 596 1477 III
634 1439 714 1478 122
749 1434 841 1491 (Us.
875 1450 921 1490 p.
947 1439 1018 1488 59,
1046 1437 1118 1491 12)
1161 1436 1313 1478 πάντα
1344 1436 1606 1489 πράττομεν
1645 1434 1708 1486 εἰς
1737 1435 1792 1477 τὸ

18 1535 19 1538 ,
101 1496 279 1549 ταύτην
311 1495 453 1548 ἔχειν;
499 1493 732 1550 significat
771 1494 917 1552 igitur
947 1508 1119 1538 omnem
1150 1508 1333 1550 operam
1372 1494 1481 1538 clare
1520 1498 1572 1536 ut
1614 1493 1795 1548 aliquid

98 1553 196 1606 fiat.
260 1554 401 1596 verba
431 1554 542 1608 παρ’
580 1555 781 1606 ἐμαυτὸν
813 1555 970 1596 autem
1010 1553 1103 1596 vim
1141 1553 1318 1597 habent
1354 1558 1573 1608 quantum
1614 1553 1792 1607 quidem

99 1612 152 1655 in
182 1627 249 1656 me
280 1618 358 1667 est,
402 1612 483 1656 cfr.
508 1628 552 1668 p.
580 1612 658 1655 XL
676 1627 775 1669 sqq.
837 1612 1034 1656 fortasse
1072 1614 1224 1656 πάντα
1255 1613 1314 1656 τὰ
1346 1613 1454 1667 παρ’
1484 1613 1552 1665 ἐμ.
1587 1611 1793 1655 scriben-

101 1671 213 1714 dum
246 1674 331 1715 est.
393 1671 555 1728 itaque
587 1671 703 1716 haec
735 1672 1049 1716 construenda
1081 1674 1207 1715 sunt:
1259 1674 1414 1716 omnia
1454 1685 1569 1727 quae
1606 1673 1657 1714 in
1695 1685 1793 1714 mea

97 1735 317 1787 potestate
347 1737 503 1785 essent,
534 1733 741 1786 tacerem,
777 1737 825 1774 ut
856 1733 1074 1788 optimum
1107 1732 1165 1775 iis
1195 1731 1382 1775 daretur
1412 1731 1665 1774 consilium.

215 1790 306 1834 col.
323 1790 387 1834 lV
410 1805 452 1834 v,
473 1795 495 1833 7
522 1795 579 1845 τῆ
606 1792 886 1845 ψευδοδοξία
910 1796 1102 1834 νοσοῦσι
1138 1790 1321 1848 κοινῶς]
1362 1789 1442 1833 cfr.
1467 1789 1597 1845 Epic.
1622 1788 1679 1832 fr.
1705 1793 1791 1832 224

10 1856 13 1858 “
101 1849 179 1892 Us.
214 1852 239 1894 ό
273 1851 415 1902 αὐτὸς
465 1851 768 1906 (Ἐπίκουρος)
811 1853 898 1906 τὴν
949 1851 1099 1904 οἴησιν
1143 1851 1267 1904 ἱερὰν
1318 1851 1461 1893 νόσον
1505 1852 1680 1903 ἔλεγεν,
1732 1848 1791 1892 ob

101 1922 204 1952 eam
251 1923 464 1962 causam,
505 1909 691 1965 opinor,
740 1910 864 1965 quod
905 1911 1053 1964 οἴησις
1090 1911 1143 1952 ut
1182 1910 1278 1963 ἱερὰ
1316 1910 1455 1961 νόσος
1498 1907 1652 1951 ovium
1692 1907 1790 1963 (cfr.

101 1967 188 2012 col.
219 1967 286 2012 IV
326 1971 399 2025 12)
443 1969 503 2012 ab
539 1967 631 2012 alio
676 1969 724 2011 in
771 1968 916 2012 alium
949 1968 1140 2022 transit;
1194 1967 1426 2025 Diogenes
1466 1981 1650 2022 quoque
1692 1981 1792 2011 ver-

100 2027 228 2072 sibus
261 2028 565 2083 sequentibus
596 2027 714 2071 talia
746 2028 875 2071 dicit.
939 2028 1020 2072 sed
1053 2027 1248 2071 dubium
1281 2029 1364 2079 est,
1397 2041 1508 2069 num
1547 2026 1636 2070 hoc
1666 2026 1792 2084 frag-

98 2090 309 2131 mentum
343 2102 396 2130 ex
428 2086 658 2143 florilegio
691 2087 957 2131 Monacensi
993 2089 1230 2143 sumptum
1268 2088 1393 2129 recte
1425 2085 1625 2141 Epicuro
1659 2086 1794 2129 attri-

98 2147 293 2200 buatur,
333 2161 438 2190 cum
477 2146 602 2189 idem
641 2146 908 2190 Heraclitus
948 2147 1121 2190 dixisse
1160 2146 1376 2189 tradatur
1419 2159 1447 2188 a
1477 2144 1613 2203 Diog.
1638 2144 1791 2188 Laert.

98 2205 162 2249 IX
194 2211 217 2249 7
264 2205 334 2262 (fr.
368 2210 424 2250 46
467 2205 615 2262 Diels)
658 2207 746 2261 τήν
788 2221 839 2250 τε
883 2207 1034 2261 οἴησιν
1076 2207 1203 2261 ἱερὰν
1245 2206 1389 2249 νόσον
1421 2207 1548 2257 ἔλεγε
1592 2207 1664 2248 καὶ
1703 2207 1792 2259 τὴν

98 2267 262 2321 ὅρασιν
285 2268 552 2320 ψεύδεσθαι.
613 2264 692 2309 cfr.
719 2264 877 2309 Senec.
904 2265 961 2309 de
985 2280 1024 2309 v.
1050 2264 1173 2308 beat.
1199 2264 1220 2306 I
1244 2270 1286 2317 4,
1317 2263 1442 2307 unde
1466 2264 1554 2307 hoc
1578 2262 1790 2307 afferam:

98 2339 226 2369 nemo
249 2326 340 2369 sibi
362 2325 674 2369 tantummodo
698 2330 834 2378 errat,
865 2326 943 2368 sed
974 2325 1116 2368 alieni
1147 2324 1312 2368 erroris
1342 2327 1385 2367 et
1406 2336 1546 2367 causa
1570 2329 1611 2367 et
1633 2328 1793 2367 auctor

32 2435 34 2437 ,
98 2388 173 2428 est.
208 2383 289 2428 cfr.
323 2383 471 2428 eiusd.
504 2383 641 2440 epist.
676 2388 747 2437 94,
771 2388 842 2427 54.

218 2458 269 2486 v..
288 2447 341 2487 13
348 2444 371 2501 s
378 2447 431 2486 14
465 2444 661 2499 δίκαιο[ν
695 2444 737 2487 δ’
767 2445 866 2488 ἐστὶ
890 2444 982 2499 καὶ]
1007 2449 1103 2495 τοῖς
1135 2446 1227 2486 κτλ.
1291 2455 1386 2485 una
1409 2440 1551 2499 longa
1573 2441 1793 2497 periodus

37 2523 58 2535 -,
99 2502 209 2546 inde
242 2517 270 2547 a
302 2502 387 2547 col.
412 2502 476 2546 IV
515 2517 555 2545 v.
581 2506 607 2545 3
640 2516 787 2557 usque
827 2502 888 2546 ad
921 2501 1007 2546 col.
1032 2502 1096 2545 VI
1127 2516 1166 2544 v.
1194 2506 1218 2543 2
1259 2501 1476 2557 pertinet.
1543 2499 1617 2543 Us.
1651 2502 1792 2555 atque

99 2561 215 2607 Heb.
249 2563 309 2607 et.
343 2562 445 2606 Kal.
495 2562 579 2606 col.
606 2561 648 2604 V
690 2576 730 2605 v.
757 2567 782 2604 2
827 2562 920 2604 iam
963 2560 1222 2604 sententiae
1266 2560 1401 2603 finem
1446 2559 1639 2612 faciunt,
1687 2574 1792 2604 cum

100 2634 129 2664 a
153 2621 239 2665 col.
264 2621 328 2664 IV
360 2637 399 2665 v.
428 2626 482 2664 13
488 2623 510 2678 s
517 2627 572 2665 14
604 2620 831 2678 apodosin
855 2620 1101 2676 incipiant,
1134 2619 1206 2663 vel
1231 2620 1428 2675 δίκαιο[ν
1453 2621 1671 2675 ἡγοῦμαι]
1696 2625 1793 2671 τοῖς

102 2681 200 2733 μεθ’
244 2684 366 2736 ἡμᾶς
408 2680 480 2725 vel
523 2681 709 2736 δίκαιο[ί
752 2681 891 2734 ἐσμεν
936 2681 1026 2736 καὶ]
1070 2684 1166 2732 τοῖς
1198 2695 1239 2733 μ.
1267 2681 1310 2733 ἡ.
1356 2678 1624 2722 scribentes.
1699 2692 1791 2734 quo

98 2800 256 2854 potest
278 2799 466 2856 aliquis,
498 2813 603 2843 cum
626 2798 818 2855 plurimi
843 2798 1055 2842 homines
1079 2797 1212 2840 falsis
1238 2795 1537 2853 opinionibus
1562 2796 1792 2848 laborent,

39 2911 41 2914 Α
98 2871 298 2914 aequum
330 2871 429 2902 esse
462 2858 607 2903 etiam
637 2859 847 2914 posteros
892 2857 1134 2910 adiuvare,
1175 2856 1268 2899 nisi
1306 2855 1366 2899 ab
1407 2857 1506 2899 arte
1546 2855 1794 2899 dialectica

99 2917 302 2961 maxime
327 2917 553 2962 dissidet?
585 2918 784 2973 apparet
799 2931 955 2960 curam
979 2918 1269 2972 posterorum
1286 2927 1454 2958 novam
1471 2928 1572 2959 esse
1589 2928 1791 2960 causam.

98 2740 259 2783 tamen
289 2740 445 2784 nullus
490 2754 629 2783 sanus
673 2753 834 2783 sensus
878 2738 1092 2783 efficitur.
1166 2750 1273 2781 nam
1318 2751 1410 2792 quo
1454 2737 1593 2780 modo
1637 2737 1791 2782 dicere
1867 2765 1883 2771 »
