2066 3146
810 112 1175 165 -23-

505 247 738 298 ἐνταῦθα
765 287 1035 298 ........

507 320 637 383 μετὰ
676 319 796 386 τὴ[ν
823 362 979 371 .....
1006 338 1094 371 τα-

509 395 620 458 φὴν
662 396 790 456 μηδὲ
819 436 1087 445 ........

506 484 601 519 κον
641 485 738 518 ταυ
766 510 1033 519 ........

433 563 475 595 ιο
507 545 600 604 τῆς
641 541 798 605 ἰσχυρ
827 584 1094 593 ........

506 633 602 679 ρος
643 616 794 666 αὐτοι
821 658 1089 667 ........

506 689 792 756 ποσκευη[
797 732 990 741 ......
1019 708 1109 752 μυ-

504 764 657 826 δήσει
699 781 796 827 φαι
825 806 1092 815 ........

504 837 642 900 πρὸς
682 838 811 900 τοὺς
838 880 1107 889 ........

724 1011 792 1055 fr.
820 1011 966 1055 xvn
994 1034 1047 1047 =
1075 1011 1159 1054 HK
1185 1017 1240 1055 85

431 1117 475 1148 ιο
510 1137 779 1147 ........
807 1101 918 1160 §blo
946 1140 954 1148 .
982 1139 991 1148 .
1018 1139 1027 1148 .
1056 1138 1064 1147 .

508 1212 740 1221 .......
769 1188 830 1234 ος
871 1172 966 1233 τὴν
1005 1189 1035 1236 -ι
1062 1213 1071 1222 .
1099 1213 1108 1221 .
1135 1213 1145 1222 .

506 1285 738 1295 .......
765 1248 860 1307 Τοῦ
902 1246 1151 1311 ζητουμέ-

504 1335 602 1370 νου
630 1360 638 1369 .
667 1361 676 1369 .
704 1318 872 1385 .]ῳιον
914 1319 1057 1370 ἅπαν

504 1434 699 1443 ......
725 1396 911 1456 ποθεῖς
953 1394 1139 1445 ἐκεῖνο.
1163 1418 1186 1437 e

511 1567 580 1611 fr.
605 1567 781 1612 xv111
809 1590 862 1603 =
890 1567 975 1610 HK
1002 1570 1161 1627 3731‘38,
1196 1567 1227 1611 C
1253 1573 1294 1621 4,
1333 1568 1366 1611 L·
1396 1574 1448 1611 16

293 1657 385 1705 eol.
417 1656 442 1703 I
506 1652 653 1703 ἐστὶν
694 1653 780 1703 διὰ
820 1654 881 1704 τὸ
924 1653 981 1704 ἑν
1023 1656 1136 1716 τοῖς

504 1725 778 1790 πράγμασι
819 1727 1074 1791 ποικίλως
1116 1726 1173 1778 ἄ-

506 1812 708 1852 στατον
749 1802 833 1851 καὶ
873 1802 935 1852 τὸ
977 1802 1105 1864 ἐμὸν
1146 1801 1195 1853 ἔ·

503 1878 639 1927 ξωθε
679 1878 862 1938 γῆρας,
903 1876 968 1926 τὰ
1008 1876 1127 1939 περὶ
1168 1876 1224 1926 ἀ-

451 1983 471 2016 5
503 1963 711 2026 πειρίας
752 1964 976 2027 κόζμων,
1017 1964 1092 2027 ὡς
1132 1964 1235 2027 ἠξί-

504 2049 671 2100 (noua
712 2037 1005 2089 ἀπέστωλά
1045 2050 1148 2090 σοι
1229 2051 1355 2089 συν-

503 2127 656 2189 τυχία
696 2127 755 2177 δὲ
795 2129 891 2178 τοῦ
931 2127 1171 2190 πράγμα-

501 2216 596 2262 τος
637 2199 807 2263 ἀγαθῆ
849 2201 1124 2264 κέχρησαν

503 2289 626 2352 πρὶν
665 2289 696 2351 ἢ
737 2289 838 2352 γὰρ
881 2290 1054 2341 ἐλθεῖν
1095 2302 1198 2342 σου

429 2384 472 2415 ιο
503 2364 599 2425 τὴν
641 2362 932 2426 ἐπιστολὴν
973 2364 1105 2415 Θεο-

501 2436 733 2500 δωρίδας
773 2436 803 2488 ὁ
844 2437 1067 2500 Λίνδιος,
1108 2438 1158 2490 ἑ-

500 2513 686 2574 ταῖρος
724 2511 890 2574 ἡμῶν,
930 2513 993 2563 ὃν
1035 2512 1130 2563 οὐκ
1170 2512 1227 2562 ἀ-

500 2587 695 2648 γνοεῖς,
737 2584 1036 2649 ἀρχόμενος
1077 2585 1151 2637 ἔτι

501 2676 597 2725 τοῦ
638 2676 984 2738 φιλοσοφεῖν,
1026 2674 1120 2725 τὸν

264 2862 349 2907 col.
374 2863 418 2906 11
448 2878 486 2907 v.
516 2867 539 2906 7
574 2865 621 2907 et
654 2868 707 2906 12
742 2862 893 2920 suppl.
920 2862 1062 2911 Diels,

263 2922 319 2966 fr.
342 2921 472 2966 XVII
503 2922 588 2966 col.
614 2922 633 2965 1
666 2937 703 2965 v.
733 2927 786 2966 12
817 2927 903 2966 τοῦ
936 2914 1243 2978 ζηθουμέῌοι)
1276 2922 1425 2979 suppl.
1460 2922 1565 2967 HK.
