2066 3146
747 117 1107 169 -79-

14 261 21 263 ·
79 254 134 295 ut
180 251 249 295 ait
292 250 544 306 Epicurus,
593 251 710 293 κατὰ
754 252 835 303 μὲν
882 251 937 293 τὸ
990 251 1108 305 πρὸς
1161 253 1282 304 ἡμᾶς
1327 252 1601 305 τηλικοῦτόν
1649 251 1776 294 ἐστιν

80 311 240 366 ἡλίκον
301 310 535 364 φαίνεται,
606 310 722 353 κατὰ
784 311 833 353 δὲ
888 310 942 352 τὸ
998 309 1100 353 καθ’
1153 311 1268 354 αὑτὸ
1323 312 1428 364 ἤτοι
1484 312 1637 362 μεῖζον
1690 314 1775 353 τοῦ

79 371 321 425 ὁρωμένου
370 371 398 423 ἢ
440 373 585 423 μικρῷ
626 370 820 412 ἔλαττον
859 371 887 423 ἢ
928 371 1204 423 τηλικοῦτον
1242 370 1472 423 τυγχάνει.
1536 367 1618 411 sed
1662 368 1777 423 quid

78 428 168 472 hoc
200 430 285 482 est,
317 427 444 486 quod
476 442 514 470 v.
542 431 568 470 8
601 426 816 484 legimus,
847 441 932 470 nos
965 427 1116 471 visum
1148 428 1258 471 solis
1290 428 1462 482 videre,
1498 441 1590 471 non
1622 427 1777 483 ipsum

82 487 251 541 solem,
300 500 406 531 cum
445 486 563 529 talia
601 485 736 530 nobis
775 486 826 529 in
856 485 1046 542 Epicuri
1087 487 1300 531 doctrina
1339 487 1455 531 alias
1494 501 1587 530 non
1620 501 1779 530 occur-

81 548 218 591 rant?
283 547 407 601 (nam
439 545 569 588 aliud
601 555 694 600 est,
739 546 865 601 quod
898 546 1056 600 docet,
1088 560 1173 590 nos
1211 561 1294 602 per
1326 546 1574 590 simulacra
1603 560 1677 589 res
1711 545 1779 588 vi-

82 606 222 662 dere).
286 607 333 648 et
364 605 598 660 quomodo
644 619 750 648 cum
781 604 972 660 Epicuri
1005 606 1250 650 sententiis
1291 606 1508 663 congruit
1539 621 1578 649 v.
1606 609 1779 661 5sqq.‘?

82 665 316 722 quomodo
350 664 475 708 enim
508 663 599 719 sol,
648 663 687 707 si
719 666 816 707 tam
848 664 1039 708 humilis
1080 666 1152 709 est
1190 680 1331 720 quam
1362 666 1560 719 videtur,
1609 666 1780 708 terram

83 724 352 768 comburere
384 725 560 779 potest,
611 723 648 766 si
682 723 874 779 quidem
905 726 1066 767 tantus
1098 726 1182 777 est,
1213 727 1417 780 quantus
1450 739 1549 768 esse
1581 724 1780 775 videtur,

82 784 133 828 id
173 786 245 827 est
282 782 550 838 bipedalem
592 785 779 826 tantum
821 783 892 826 vel
930 797 1025 827 non
1063 783 1212 827 multo
1252 785 1401 828 maius
1436 784 1583 841 (Lucr.
1612 783 1653 826 V
1677 785 1780 839 564)

84 844 288 900 spatium
327 842 719 897 comprehendat?
781 856 970 898 prorsus
1002 856 1027 886 e
1059 843 1289 887 contrario
1319 844 1560 900 Epicureis
1593 857 1782 887 necesse

85 916 184 947 esse
223 902 471 945 videbatur
510 901 776 957 ostendere,
817 903 1048 957 quomodo
1088 904 1298 947 tantulus
1335 905 1411 948 ille
1448 904 1516 948 sol
1555 904 1781 946 mundum

84 961 261 1006 lumine
302 963 350 1004 et
388 961 541 1004 calore
574 960 805 1016 complere
837 964 996 1016 posset
1028 961 1125 1017 (cfr.
1151 962 1283 1006 Lucr.
1311 963 1351 1005 V
1376 965 1644 1019 590—613).
1704 962 1783 1004 vix

86 1021 248 1065 credas
272 1020 530 1077 Diogenem
563 1020 698 1064 nobis
723 1034 878 1064 veram
904 1020 1093 1076 Epicuri
1118 1023 1398 1066 sententiam
1420 1023 1618 1066 tradere.
1667 1021 1784 1064 mihi

87 1080 279 1137 quidem
309 1079 398 1123 hoc
428 1079 635 1124 videtur:
668 1079 896 1135 Epicurus
929 1095 1035 1124 cum
1067 1080 1205 1124 fidem
1239 1096 1457 1126 sensuum
1481 1095 1661 1126 servare
1687 1084 1785 1125 stu-

87 1141 232 1194 deret,
265 1139 387 1182 sicut
418 1139 476 1183 de
508 1139 835 1195 magnitudine
868 1139 978 1184 solis
1011 1139 1247 1196 duplicem
1278 1142 1476 1196 protulit
1504 1141 1785 1186 sententiam

88 1199 186 1256 (cfr.
214 1200 386 1256 supra),
417 1198 487 1242 ita
518 1198 794 1242 distantiam
827 1213 1012 1255 quoque
1045 1200 1142 1243 eius
1176 1200 1297 1244 dixit
1328 1204 1445 1245 κατὰ
1478 1204 1560 1255 μὲν
1584 1203 1639 1245 τὸ
1669 1203 1787 1256 πρὸς

87 1261 210 1314 ἡμᾶς
262 1260 448 1301 tantam
502 1271 600 1302 esse
655 1262 831 1314 quanta
877 1259 1127 1315 videretur,
1175 1262 1292 1304 κατὰ
1342 1263 1392 1305 δὲ
1424 1264 1479 1305 τὸ
1527 1262 1630 1305 καθ’
1668 1263 1785 1304 αὑτὸ

0 1330 6 1334 ·
87 1318 288 1362 fortasse
319 1317 556 1361 maiorem.
621 1318 746 1373 quod
786 1331 815 1361 a
847 1317 1055 1375 Diogene
1086 1319 1156 1363 ita
1187 1319 1481 1364 inteUectum
1513 1323 1605 1374 est,
1650 1320 1786 1375 quasi

90 1377 269 1421 diceret
300 1376 397 1431 ille,
429 1377 554 1432 quod
587 1377 778 1432 quidem
809 1391 892 1421 nos
924 1378 1187 1422 videremus
1218 1381 1405 1423 tantum
1438 1380 1613 1423 distare
1638 1393 1786 1434 quan-

89 1440 192 1481 tum
221 1436 473 1490 videretur,
506 1435 650 1480 solem
682 1436 837 1492 ipsum
869 1438 1049 1490 autem,
1083 1451 1229 1493 quem
1259 1453 1353 1482 non
1384 1439 1670 1493 videremus,
1717 1452 1787 1482 re-

89 1510 199 1540 vera
244 1495 393 1539 multo
439 1494 634 1539 maiore·
665 1496 818 1551 spatio
863 1496 1038 1541 abesse.
1109 1498 1198 1542 hoc
1239 1512 1344 1542 cum
1382 1499 1451 1542 ita
1489 1499 1790 1555 intellegeret

2 1596 5 1597 ⁷
90 1555 345 1612 Diogenes,
393 1555 555 1598 statim
587 1555 722 1598 finxit
751 1555 961 1611 ineptam
992 1570 1205 1609 causam,
1253 1572 1335 1601 cur
1367 1558 1435 1602 sol
1467 1560 1565 1601 tam
1597 1557 1788 1601 humilis

93 1628 193 1659 esse
240 1629 333 1658 non
379 1615 550 1670 posset.
628 1613 825 1658 fortasse
879 1615 1025 1659 etiam
1078 1616 1294 1660 meminit
1339 1617 1682 1673 Empedocleae
1730 1618 1789 1661 de

94 1673 375 1730 duplicitate
407 1673 519 1717 solis
552 1674 792 1718 doctrinae
826 1679 879 1718 21
898 1676 1011 1718 A56
1055 1675 1205 1720 Vors.2
1237 1681 1336 1730 162,
1356 1682 1411 1720 18
1430 1676 1482 1721 D.

211 1748 253 1776 v,
273 1737 299 1776 8
332 1734 570 1815 (Ξπόφασις
593 1732 849 1777 insolenter
873 1734 1051 1778 dictum
1082 1750 1166 1791 pro
1196 1738 1338 1791 φάσις
1360 1736 1434 1780 vel
1457 1738 1621 1792 φάσμα
1654 1736 1790 1791 quasi

95 1794 337 1895 „Abzznaff
371 1829 443 1907 όχί
474 1866 558 1907 pro
591 1854 694 1906 οὐχί
727 1851 806 1896 cfr.
841 1852 991 1896 Praef.
1022 1868 1067 1909 p.
1094 1853 1276 1900 XXXV.

214 1926 256 1955 v.
284 1916 339 1955 14
387 1915 461 1955 καὶ
491 1916 588 1956 τῶν
622 1913 812 1967 ἑφεξῆς,
859 1912 889 1957 i.
923 1927 960 1956 e.
995 1913 1052 1956 de
1085 1914 1271 1958 defectu
1303 1914 1413 1958 solis
1446 1916 1494 1960 et
1524 1914 1685 1970 lunae,
1733 1915 1791 1958 de

98 1971 280 2015 dierum
312 1972 360 2014 et
389 1970 599 2014 noctium
629 1971 759 2014 varia
791 1971 1099 2028 longitudine,
1132 1987 1252 2029 quae
1283 1989 1311 2018 a
1339 1975 1471 2019 Lucr.
1489 1975 1532 2018 V
1556 1979 1792 2018 564—770

98 2033 146 2075 et
177 2029 237 2074 ab
268 2029 470 2086 Epicuro
503 2044 572 2086 ep.
605 2030 648 2073 H
674 2035 729 2073 90
747 2045 844 2087 sqq.
878 2033 1082 2076 tractata
1113 2034 1234 2076 sunt.

218 2089 304 2134 col.
329 2089 393 2133 111
424 2105 463 2132 v.
491 2094 517 2132 2
535 2090 655 2147 sqq.]
702 2092 1004 2146 praeceptum
1050 2092 1110 2136 ab
1141 2092 1341 2149 Epicuro
1382 2108 1452 2149 ep.
1485 2093 1507 2137 I
1533 2099 1587 2137 79
1606 2108 1705 2149 sqq.
1746 2095 1795 2138 et

98 2149 148 2193 in
195 2149 398 2192 secunda
445 2148 648 2204 epistula
687 2149 873 2205 saepius
918 2151 1172 2207 repetitum
1211 2151 1271 2209 (ΙΙ
1302 2157 1374 2208 87,
1409 2158 1508 2207 104,
1543 2158 1641 2206 113,
1676 2155 1794 2209 114),

102 2208 182 2252 cfr.
217 2210 264 2251 et
295 2208 427 2251 Lucr.
450 2207 488 2251 V
520 2223 558 2252 v,
586 2213 834 2253 526—533.
1666 2222 1669 2225 ·

219 2283 259 2311 v.
287 2273 430 2323 5-sqq.
480 2267 703 2312 obscurus
743 2269 791 2312 et
833 2271 1070 2314 contortus
1118 2272 1190 2314 est
1228 2286 1390 2316 sermo.
1454 2274 1796 2328 ἀποφαίνεσθαι

18 2359 19 2362 =
101 2328 206 2382 περί
246 2342 372 2380 τινος
415 2341 521 2370 cum
564 2328 797 2384 significet
833 2332 1102 2374 sententiam
1144 2332 1288 2375 dicere
1326 2333 1379 2376 de
1418 2333 1578 2388 aliqua
1608 2347 1669 2386 re,
1708 2345 1796 2374 vox

103 2388 532 2442 καταποφαίνεσθαι
584 2386 727 2430 etiam
774 2388 1002 2432 maiorem
1040 2389 1134 2433 vim
1179 2390 1324 2435 habet
1361 2393 1574 2448 yraviter,
1617 2392 1797 2446 fortiter

101 2447 369 2490 sententiam
399 2461 531 2490 suam
563 2447 708 2491 dicere
739 2448 873 2502 quasi
903 2462 999 2492 una
1029 2463 1139 2493 vera
1178 2450 1260 2503 sit3
1305 2452 1417 2507 (qua
1452 2450 1796 2508 significatione

103 2506 220 2549 haec
250 2519 338 2549 vox
371 2505 487 2548 alibi
521 2509 702 2550 exstare
734 2521 827 2551 non
858 2507 1077 2564 videtur).
1141 2511 1189 2553 et
1227 2510 1287 2553 ad
1327 2509 1466 2554 verba
1507 2515 1612 2566 περὶ
1657 2511 1796 2554 τοῦδέ

19 2582 21 2586 ·
104 2580 229 2618 τινος
268 2567 325 2622 (v.
351 2567 395 2622 ὅ)
435 2565 697 2620 supplenda
745 2569 816 2611 est
846 2581 933 2610 vox
964 2569 1154 2623 τρόπου.
1226 2571 1460 2614 structura
1497 2570 1645 2628 igitur
1681 2570 1797 2612 haec

107 2627 197 2668 est:
230 2626 378 2669 ἐκεῖνο
410 2627 674 2680 προθέντες,
722 2628 793 2670 ὅτι
824 2629 1058 2682 τολμηρὸν
1090 2628 1228 2684 (ἐστί)
1259 2630 1343 2672 τὸν
1374 2631 1605 2685 Ζητοῡντά
1628 2645 1671 2673 τι
1695 2631 1799 2683 περὶ

105 2689 202 2728 τῶν
235 2685 437 2738 ἀδήλων,
470 2686 526 2727 ἂν
559 2687 702 2740 βλέπη
734 2689 845 2740 τοὺς
875 2691 959 2730 τοῦ
990 2689 1192 2732 δυνατοῦ
1217 2690 1420 2743 τρόπους
1442 2690 1670 2744 πλείονας,
1695 2690 1800 2742 περὶ

22 2800 25 2803 ι
105 2746 244 2788 τοῦδέ
274 2758 400 2796 τινος
438 2745 657 2800 (τρόπου)
692 2747 836 2799 μόνου
870 2747 1311 2803 καταποφαίνεσθαι,
1358 2748 1484 2804 quod
1516 2750 1606 2793 est:
1656 2748 1794 2791 auda·
1867 2766 1882 2771 2

109 2802 174 2846 cis
207 2804 298 2856 est,
342 2805 644 2858 quaerentem
684 2803 864 2860 aliquid
904 2805 1089 2850 obscuri
1121 2807 1168 2851 et
1200 2807 1434 2852 videntem
1466 2820 1607 2864 quam
1639 2806 1799 2851 multis

23 2911 26 2914 ⁴
109 2862 259 2906 modis
290 2861 409 2904 illud
441 2861 540 2905 fieri
571 2864 741 2919 possit,
780 2866 939 2908 tamen
972 2865 1029 2908 de
1060 2881 1154 2911 uno
1186 2870 1312 2911 certo
1343 2869 1482 2912 modo
1514 2868 1801 2912 confidenter

25 2926 28 2932 '
110 2921 391 2964 sententiam
431 2921 598 2966 dicere.
661 2925 741 2968 ὅδε
779 2939 847 2978 τις
884 2924 994 2968 inde
1034 2925 1093 2969 ab
1124 2925 1377 2971 Aristotele
1420 2928 1469 2971 in
1500 2926 1800 2984 philosopho-
