2066 3146
935 95 1341 147 —104—

414 227 482 272 fr.
506 226 675 271 LXXI
708 225 792 270 col.
817 226 837 267 I
869 225 936 269 sic
965 224 1210 283 intellego:
1257 225 1380 270 inter
1412 224 1529 269 alias
1560 227 1814 270 senectutis
1844 227 1988 272 mole·-

295 288 411 330 stias
441 285 698 330 adversarii
730 286 874 328 etiam
905 284 1216 328 membrorum
1247 285 1524 328 tarditatem
1548 285 1820 329 attulerunt.
1869 301 1985 342 quos

294 349 348 389 ut
386 345 581 399 refutet,
629 344 826 399 scriptor
869 343 1006 387 dicit:
1053 344 1095 387 si
1133 345 1418 401 elephantum
1461 370 1510 375 —
1551 358 1661 389 nam
1701 347 1743 389 ei
1778 347 1984 391 maccima

295 407 411 448 inest
440 405 737 449 membrorwm
769 403 968 447 tarditas
999 429 1053 434 -
1086 409 1270 460 propter
1309 405 1572 448 tarditatem
1603 405 1740 448 etiam
1770 405 1985 449 miserwm

284 472 384 508 'esse
413 465 584 517 volant,
615 468 712 506 tam
743 464 807 506 eis
838 462 1107 506 credendam
1138 468 1213 507 est.
1275 463 1420 506 verba
1450 464 1607 507 tamen
1645 463 1861 519 suppleta
1890 476 1985 507 non

292 522 430 566 valde
461 523 663 578 placent.

414 611 498 654 col.
525 610 567 652 II
596 625 637 653 v.
664 615 692 652 4
710 624 808 665 sqq.
845 609 911 652 sic
942 609 1186 667 intellego:
1229 612 1391 652 contra
1422 624 1513 664 eos,
1554 611 1634 666 qui
1667 610 1987 668 aegritudines

288 670 548 714 vsenectutis
589 671 833 723 accusant,
879 669 1082 725 primum
1121 667 1372 712 dicendum
1410 671 1502 724 est,
1548 669 1667 713 illud
1698 683 1791 713 non
1823 673 1987 714 contra

294 742 425 773 senes
459 729 574 782 dici3
621 729 670 771 in
702 728 969 772 universum
1002 727 1126 771 enim
1156 728 1236 782 iis,
1277 728 1446 784 quibus
1478 729 1762 785 cupiditates
1794 742 1888 772 non
1913 729 1987 773 in-

294 791 416 843 sunt,
448 802 505 831 ne
532 787 851 844 aegritudines
876 787 1065 843 quidem
1087 787 1250 830 insunt
1281 786 1485 842 (senibus
1511 790 1669 832 autem
1700 788 1986 844 cupiditates
2044 788 2049 800 '

292 861 385 891 non
423 847 605 901 insunt,
646 861 756 904 ergo
795 862 852 890 ne
893 846 1213 904 aegritudines
1252 846 1472 903 quidem).
1545 848 1604 890 ad
1641 863 1682 892 v.
1719 852 1742 890 7
1763 862 1862 903 sqq.
1902 847 1986 892 cfr.

280 907 426 951 -Lucr.
452 906 516 949 ΙΠ
541 911 626 950 900
641 921 707 962 sq.

412 996 482 1040 fr.
506 995 705 1039 LXXII
745 1011 788 1039 v.
822 999 953 1039 5—8
1000 994 1288 1039 adversarios
1334 997 1449 1051 puto
1497 995 1770 1052 scriptorem
1812 996 1987 1053 fingere

293 1057 580 1099 senectutem
626 1057 920 1108 accusantes,
969 1054 1095 1110 quod
1139 1053 1350 1098 homines
1392 1054 1584 1098 inutiles
1620 1055 1803 1110 reddat,
1843 1057 1985 1110 atque

284 1129 426 1158 senes
458 1116 713 1170 monentes,
746 1116 813 1168 ut,
846 1114 972 1169 quod
997 1127 1159 1158 senum
1191 1114 1267 1169 sit,
1300 1128 1460 1158 somno
1492 1127 1592 1158 sese
1624 1114 1811 1159 dedant.
1873 1114 1985 1158 inde
2050 1171 2054 1173 Α

293 1189 321 1217 a
351 1188 486 1217 versu
519 1178 544 1216 9
577 1176 734 1217 autem
774 1173 972 1229 scriptor
1011 1187 1145 1217 suam
1176 1174 1232 1216 de
1265 1173 1354 1217 hac
1383 1188 1432 1216 re
1466 1173 1749 1217 sententiam
1780 1173 1983 1230 exponit.

293 1260 348 1265 -—
380 1247 540 1277 versus
563 1233 837 1276 Homericus
870 1233 928 1276 ab
961 1232 1240 1276 adversariis
1271 1232 1466 1289 paulum
1495 1234 1705 1277 mutatus
1738 1235 1821 1276 est.
1868 1232 1986 1291 legi-

291 1295 369 1335 tur
400 1292 484 1337 Od.
519 1308 557 1337 ω
583 1297 669 1336 254
687 1307 754 1348 sq.
786 1295 986 1349 τοιούτῳ
1029 1294 1079 1336 δὲ
1119 1294 1290 1347 ἔοικας,
1339 1293 1438 1337 ἐπεὶ
1476 1294 1694 1337 λούσαιτο
1735 1294 1881 1347 φάγοι
1917 1306 1983 1348 τε,

293 1354 534 1406 εὑδέμεναι
566 1355 803 1407 μαλακῶς·
836 1354 864 1406 ἡ
898 1353 986 1407 γὰρ
1019 1353 1120 1406 δίκη
1155 1353 1251 1396 ἐστὶ
1281 1353 1531 1407 γερόντων.

411 1441 480 1485 fr.
506 1440 739 1484 LXXIII
760 1455 802 1484 v.
828 1445 854 1483 6
902 1443 929 1485 ὁ
961 1442 1115 1493 αὐτὸς.
1176 1439 1303 1483 idem
1350 1439 1550 1495 scilicet,
1599 1440 1730 1484 cuius
1774 1439 1985 1484 versibus

292 1500 437 1544 etiam
483 1500 739 1544 adversarii
791 1500 866 1543 usi
921 1502 1055 1543 erant
1098 1499 1154 1544 fr.
1203 1500 1524 1545 antecedente.
1601 1513 1726 1543 nunc
1776 1498 1985 1543 eiusdem

291 1562 459 1615 poetae
488 1559 699 1604 versibus
732 1574 864 1602 suam
896 1559 1179 1602 sententiam
1204 1558 1458 1602 confirmat.
1486 1586 1540 1590 —
1564 1573 1724 1602 versus
1749 1557 1985 1602 Homerici

292 1621 400 1662 sunt
430 1619 482 1662 Il.
511 1621 542 1663 Β
569 1622 624 1662 53
657 1621 704 1662 et
737 1621 763 1662 Γ
790 1622 895 1673 15ος
928 1631 1043 1674 quos
1075 1618 1307 1662 Usenerus
1339 1618 1545 1676 agnovit.

412 1708 479 1752 fr.
508 1708 717 1753 LXXIV
749 1709 937 1763 ἀρτίους
968 1708 1047 1751 cfr.
1081 1707 1231 1752 Praef.
1264 1723 1308 1772 p.
1334 1706 1581 1751 XXXVIII.
