2066 3146
0 884 9 928 2-1
0 747 13 872 πυθοῦ-ῖς.
0 699 10 730 ια
0 627 12 655 vn
0 571 10 609 —.‘-r

785 124 1148 178 „39-

120 269 215 299 non
245 255 339 298 nisi
362 257 554 310 propter
574 254 866 310 voluptatem
892 256 1054 312 appeti
1076 259 1239 300 notum
1264 258 1347 299 est.
1397 256 1477 300 cfr.
1502 256 1637 312 Diog.
1662 256 1814 300 Laert.

119 313 163 357 X
187 318 272 357 138
304 313 397 368 (Us.
424 313 479 356 fr.
508 316 609 368 504)
643 315 716 358 διὰ
750 316 800 358 δὲ
831 318 919 370 τὴν
944 318 1123 370 ἡδονὴν
1156 319 1230 360 καὶ
1260 317 1345 369 τὰς
1375 317 1544 371 ἀρετὰς
1573 316 1813 371 αἱρεῖσθαι,

121 375 178 418 οὐ
210 373 269 417 δι’
299 375 445 426 αὑτὰς
475 375 523 416 et
554 372 631 415 Us.
657 372 711 415 fr.
740 378 825 416 504
844 388 943 429 sqq.
977 376 1025 418 et
1056 372 1148 418 Cic.
1175 374 1233 418 de
1264 375 1340 418 fin.
1365 374 1387 418 1
1413 379 1483 428 13,
1508 379 1563 417 42
1579 389 1678 430 sqq.

240 432 406 476 coLIV
436 447 479 475 v.
505 437 531 475 2
564 434 701 476 αὗται
731 447 876 476 unum
907 435 1088 477 rectum
1120 447 1221 477 esse
1251 435 1410 490 potest
1440 435 1596 490 (αὐταί
1626 434 1742 478 Heb.
1768 436 1818 478 et

119 491 240 548 Kal).
302 505 395 535 non
426 491 550 535 enim
589 491 667 534 hic
696 492 950 535 virtutibus
990 505 1046 536 ea
1084 495 1383 561 opponuntur
1413 506 1533 548 quae
1571 493 1630 536 iis
1670 492 1816 537 effici-

119 553 283 604 untur;
315 565 423 594 nam
456 550 550 593 dici
581 564 674 593 non
705 553 862 606 potest
890 551 1088 595 virtutes
1121 553 1248 607 ipsas
1277 553 1468 608 quidem
1497 552 1677 595 homini
1708 552 1814 595 usui

120 622 243 663 esse,
282 610 332 652 id
372 611 531 654 autem
570 610 695 677 quod
731 610 984 654 virtutibus
1024 611 1256 655 efficiatur
1296 612 1342 668 (i.
1370 626 1407 656 e.
1440 615 1469 666 ἡ
1512 613 1815 668 εὐδαιμονία),

127 667 273 712 alium
303 669 460 712 nescio
492 682 632 724 quem
663 669 837 713 iuvare.

238 743 280 772 v.
306 733 391 771 3—
398 733 465 771 14.
542 728 740 773 virtutes
787 743 879 772 non
926 728 1070 772 alium
1118 743 1401 785 quemquam
1449 729 1676 773 adiuvant
1722 730 1815 773 nisi

121 787 395 831 hominem
382 801 549 843 ipsum.
584 787 663 831 cfr.
690 803 788 843 κυρ.
808 790 887 833 δόξ
921 792 1111 842 31-33,
1130 794 1200 843 36,
1233 788 1402 844 quibus
1428 789 1487 832 de
1508 803 1605 832 una
1630 802 1654 832 e
1680 790 1815 844 quat-

119 848 227 890 tuor
254 846 509 890 virtutibus
543 847 713 904 agitur,
746 847 805 890 de
835 847 1032 902 iustitia,
1077 861 1272 903 eamque
1313 850 1546 903 σύμβολον
1585 853 1669 892 τοῦ
1703 861 1815 902 συμ-

121 908 352 961 φέροντος
368 919 468 950 esse
487 906 673 961 dicitur,
691 907 822 950 cuius
839 920 932 950 non
948 907 1204 963 participes
1222 921 1322 951 esse
1339 907 1530 951 bestias.
1571 908 1651 951 cfr.
1671 907 1814 951 etiam

120 965 457 1008 Hermarchum
482 966 608 1021 apud
625 964 848 1021 Porphyr.
880 966 936 1009 de
962 966 1131 1010 abstin.
1150 967 1172 1010 I
1198 971 1266 1021 10,
1297 967 1380 1010 ubi
1405 969 1654 1023 postquam
1679 980 1817 1022 expo·-

122 1024 263 1067 situm
288 1026 372 1077 est,
406 1025 638 1080 quomodo
663 1025 786 1068 inter
808 1026 1020 1068 homines
1054 1026 1336 1080 convenerit,
1370 1040 1427 1069 ne
1453 1040 1734 1082 quemquam
1760 1039 1815 1069 ex

121 1083 216 1127 suis
249 1084 527 1139 occiderent,
563 1084 629 1127 sic
653 1085 801 1128 oratio
830 1085 1043 1140 procedit
1065 1090 1163 1130 τῶν
1188 1087 1238 1130 δέ
1263 1089 1439 1129 λοιπῶν
1463 1088 1600 1142 ζῴων
1624 1086 1816 1138 εἰκότως

119 1145 258 1188 οὐδὲν
283 1145 571 1187 διεκώλυσαν
604 1145 810 1199 φθείρειν
841 1145 885 1188 οἱ
916 1150 1094 1199 πρῶτοι
1125 1146 1412 1200 διορίσαντες
1451 1147 1533 1189 ἅτε
1564 1148 1633 1189 δεῖ
1663 1150 1814 1189 ποιεῖν

119 1205 242 1257 ἡμᾶς
283 1203 366 1247 ἅτε
410 1204 492 1257 μή·
535 1204 592 1247 τὸ
634 1205 723 1258 γὰρ
768 1206 1011 1259 συμφέρον
1055 1205 1128 1248 ἐπί
1169 1206 1355 1248 τούτων
1398 1206 1450 1247 ἐκ
1487 1208 1572 1259 τῆς
1603 1205 1816 1257 ἐναντίας

121 1263 386 1306 ἀπετελεῑτο
418 1264 647 1317 πράξεως,
688 1264 736 1305 et
777 1267 830 1305 12
857 1265 918 1318 (p.
947 1267 1023 1315 95.
1054 1278 1096 1306 v.
1126 1267 1179 1305 16
1198 1277 1296 1319 sqq.
1330 1263 1402 1307 ed.
1428 1262 1630 1320 Nauck&
1664 1264 1701 1308 εἰ
1735 1266 1817 1316 μὲν

120 1322 206 1365 οὖν
239 1323 464 1366 ἐδύναντο
496 1322 782 1375 ποιήσασθαί
804 1337 907 1366 τινα
933 1323 1170 1378 συνθήκην
1203 1325 1360 1377 ὥσπερ
1391 1324 1508 1378 πρὸς
1539 1324 1817 1377 ἀνθρώπους

120 1382 247 1424 οὕτω
287 1383 362 1424 καὶ
401 1383 516 1436 πρὸς
545 1382 604 1424 τὰ
635 1383 772 1425 λοιπὰ
803 1386 901 1425 τῶν
925 1384 1061 1438 Ζῲων
1099 1384 1216 1437 ὑπὲρ
1247 1387 1332 1426 τοῦ
1368 1385 1428 1437 μὴ
1462 1382 1655 1426 κτείνειν
1695 1384 1815 1437 μηδὲ

119 1441 236 1494 πρὸς
271 1442 407 1494 ήμῶν
447 1441 645 1495 ἀκρίτως
683 1442 803 1484 αὐτὰ
834 1441 1112 1496 κτείνεσθαι,
1154 1445 1307 1494 καλῶς
1337 1444 1430 1495 εἶχε
1471 1443 1598 1496 μέχρι
1636 1443 1811 1485 τούτου

119 1501 174 1543 τὸ
208 1500 385 1543 δίκαιον
417 1501 595 1552 ἐξάγειν
621 1507 638 1543 .’
658 1535 854 1543 ......
882 1501 1039 1555 ἐπειδὴ
1074 1502 1126 1544 δέ
1155 1505 1254 1544 τῶν
1278 1502 1533 1555 ἀμηχάνων
1564 1502 1625 1555 ἦν
1650 1515 1815 1544 κοινω-

119 1562 259 1613 νῆσαι
291 1560 437 1612 νόμου
469 1561 527 1602 τὰ
554 1561 614 1613 μὴ
641 1561 868 1613 δεχόμενα
898 1564 997 1603 τῶν
1028 1562 1164 1616 ζῴων
1188 1561 1329 1613 λόγον
1362 1563 1454 1603 κτλ.
1504 1559 1665 1615 itaque
1692 1559 1817 1614 quod

118 1616 221 1661 illic
253 1617 308 1660 de
340 1617 525 1661 iustitia
557 1618 743 1672 dicitur,
774 1618 898 1662 inter
927 1618 1139 1662 homines
1173 1617 1293 1662 solos
1327 1632 1430 1662 eam
1463 1621 1658 1672 exstare,
1692 1619 1818 1662 idem

122 1676 180 1720 de
213 1676 432 1720 omnibus
463 1677 717 1720 virtutibus
750 1677 844 1720 dici
875 1680 1045 1733 potest.

237 1751 279 1780 v.
307 1741 377 1780 14.
440 1737 893 1793 argumentationem
925 1737 1176 1792 abruptam
1218 1737 1306 1780 tali
1345 1737 1483 1780 modo
1522 1749 1817 1794 progressam

120 1807 222 1839 esse
246 1797 383 1851 puto:
418 1798 618 1851 apparet
640 1796 838 1839 virtutes
861 1796 980 1839 nulli
1005 1796 1088 1839 alii
1112 1796 1272 1853 generi
1297 1796 1571 1840 animalium
1596 1796 1817 1852 prodesse

120 1854 213 1898 nisi
259 1855 515 1911 hominum,
560 1855 636 1899 cui
678 1856 760 1898 uni
802 1856 977 1899 insunt.
1050 1856 1176 1900 unde
1220 1856 1536 1913 cognoscitur.
1581 1857 1816 1912 σύμβολον

121 1913 313 1969 aliquod
347 1928 448 1958 esse
479 1915 676 1959 virtutes
708 1915 832 1958 inter
861 1914 1073 1958 homines
1111 1917 1305 1971 pactum
1347 1915 1406 1958 ad
1448 1915 1817 1958 conservandum

121 1975 170 2017 et
199 1974 453 2018 tutandum
483 1987 631 2030 genus
662 1974 934 2018 humanum.
995 1988 1089 2018 non
1127 1988 1237 2032 ergo
1275 1974 1473 2018 virtutes
1512 1974 1645 2030 ipsae
1683 1976 1816 2027 τέλος

121 2034 244 2088 sunt,
278 2033 359 2076 sed
390 2033 496 2077 ideo
528 2035 715 2076 tantum
748 2033 964 2077 coluntur
1003 2033 1062 2077 ab
1093 2033 1385 2088 hominibus,
1425 2036 1478 2076 ut
1517 2033 1817 2077 securitatem

122 2091 212 2135 sibi
255 2094 436 2148 parent.
511 2093 737 2136 securitas
781 2095 939 2136 autem
986 2108 1081 2136 una
1132 2107 1188 2137 ex
1231 2093 1290 2136 iis
1333 2092 1471 2137 rebus
1517 2095 1602 2145 est,
1646 2092 1816 2148 quibus

121 2151 353 2207 imprimis
384 2152 642 2195 maximum
672 2152 846 2196 bonum
878 2152 1093 2196 efficitur.

242 2211 309 2256 fr.
341 2210 514 2256 XXVI
561 2213 805 2255 contextus
852 2211 930 2256 hic
968 2211 1114 2255 fuisse
1151 2211 1357 2256 videtur:
1405 2211 1486 2254 ubi
1528 2211 1817 2254 demonstra-

122 2272 223 2313 tum
269 2272 362 2323 est,
409 2284 501 2314 non
547 2270 745 2314 virtutes
793 2284 893 2315 esse
941 2285 1171 2314 summum
1218 2270 1413 2323 bonum,
1455 2271 1536 2315 sed
1576 2272 1817 2325 ποιητικὰς

119 2331 303 2372 tantum
336 2329 479 2384 illius,
512 2345 743 2373 summum
774 2330 949 2373 bonum
981 2332 1138 2374 autem
1170 2329 1327 2385 potius
1358 2330 1409 2372 in
1430 2329 1675 2385 voluptate
1701 2343 1816 2380 esse,

120 2403 244 2432 nunc
284 2389 483 2445 scriptor
520 2389 794 2445 priusquam
835 2389 896 2432 ad
933 2389 1205 2433 tractandos
1245 2387 1442 2432 affectus
1481 2389 1672 2442 transit,
1721 2389 1816 2432 iam

117 2462 266 2491 unum·
296 2448 666 2492 adversariorum
691 2448 928 2492 decretum
951 2448 1162 2492 reerere
1192 2447 1307 2492 vult.
1356 2447 1525 2491 falsam
1559 2448 1683 2492 enim
1716 2461 1817 2491 esse

33 2513 40 2518 “
120 2520 281 2552 eorum
313 2507 615 2561 sententiam,
656 2508 737 2564 qui
772 2508 950 2561 dicunt,
981 2508 1207 2559 homines,
1240 2507 1319 2563 qui
1358 2507 1555 2550 virtutes
1594 2507 1816 2562 habeant,

121 2566 341 2612 continuo
374 2567 519 2611 etiam
552 2581 730 2610 summo
770 2566 892 2610 bono
924 2567 1039 2619 frui,
1079 2567 1241 2622 itaque
1270 2567 1469 2610 virtutes
1500 2580 1593 2610 non
1633 2566 1817 2610 efficere

121 2640 352 2669 summum
383 2625 571 2679 bonum,
604 2626 685 2670 sed
718 2627 845 2682 ipsas
871 2639 985 2670 esse
1034 2640 1127 2681 qua
1151 2626 1210 2669 de
1242 2639 1383 2669 causa
1414 2626 1571 2669 omnia
1600 2627 1817 2682 ποιητικὰ

122 2686 205 2728 aut
234 2691 661 2741 πρωτοχρονοῠντα
694 2687 776 2729 aut
808 2690 1157 2741 συνχρονοῦντα
1190 2687 1273 2728 aut
1305 2690 1683 2740 μεταχρονοῠντα
1716 2698 1817 2728 esse

121 2743 271 2799 docet,
302 2744 500 2788 virtutes
533 2747 692 2788 autem
723 2745 771 2787 in
802 2758 994 2789 numero
1025 2749 1123 2789 τῶν
1156 2746 1545 2799 συνχρονούντων
1576 2757 1678 2787 esse
1710 2744 1813 2811 (col.
1864 2769 1869 2772 -

121 2801 186 2846 IV
215 2818 258 2846 v
287 2806 373 2860 10).
435 2803 542 2848 falli
571 2804 720 2861 igitur
751 2804 1063 2858 adversarios,
1109 2818 1213 2847 cum
1245 2802 1378 2847 illam
1410 2802 1469 2846 ob
1502 2816 1693 2846 causam
1723 2803 1816 2846 vir-

120 2863 248 2907 tutes
291 2862 419 2918 ipsas
461 2865 595 2916 τέλος
644 2876 745 2907 esse
796 2862 972 2908 dicant.
1046 2863 1205 2919 (talem
1258 2864 1526 2906 contextum
1571 2875 1672 2906 esse
1719 2862 1814 2904 iam

121 2919 238 2965 Heb.
265 2922 314 2966 et
336 2921 440 2965 Kal.
465 2937 509 2978 p.
537 2926 622 2966 352
656 2924 1003 2979 cognoverunt.)
