2066 3146
870 123 1293 167 -XXVIII—

237 267 435 312 scurata
475 266 561 312 0513.
640 265 849 311 formam
894 263 1190 312 adiectivam
1230 261 1554 325 πρόσφατος
1594 267 1695 313 iam
1732 265 1931 314 Aristo·

235 339 358 387 teles
419 338 568 385 habet
630 331 837 403 (recens,
899 337 983 385 sed
1045 338 1197 384 01313111
1257 339 1503 387 translata
1565 338 1931 402 significatione

238 409 550 473 πρόσφατοι
607 407 891 471 μάρτυρες,
956 412 1041 472 qui
1095 414 1413 472 opponuntur
1466 408 1756 479 παλαιοῖς).
1832 429 1928 460 vox

236 487 471 549 vulgaris.

352 555 753 619 συγχρῆσθαί
808 572 929 606 τινι
987 551 1068 624 (fr.
1108 558 1269 606 LXIV
1324 561 1412 607 001.
1454 560 1531 607 ΠΙ
1565 556 1710 625 [Heb.
1744 562 1793 608 et
1815 559 1933 607 Kal.

243 632 332 694 24]
374 651 418 681 v.
449 626 540 699 10)
588 634 776 693 primus
816 635 1026 694 usurpat
1063 632 1302 695 Polybius
1340 634 1490 696 idque
1537 634 1624 696 ita,
1665 637 1722 681 ut
1761 635 1828 682 sit
1865 636 1936 681 si-

240 708 340 754 mul
390 710 462 754 «nti
514 709 601 754 aut
651 706 945 768 simpliciter
993 708 1079 754 uti.
1168 707 1316 756 huius
1367 723 1484 755 vero
1536 708 1937 772 significationis,

239 798 389 842 quam
414 782 493 828 hic
516 780 667 827 habet
698 781 1012 838 familiariter
1049 782 1135 835 uti,
1170 782 1392 841 Umyany
1414 784 1609 842 pfleyen
1631 785 1719 830 mit
1740 783 1929 842 jmdm„
2018 784 2021 797 ’

239 872 391 902 unum
431 856 629 916 repperi
661 855 938 915 exemplum
971 854 1103 916 quod
1137 857 1190 901 in
1224 855 1475 903 Thesauro
1507 858 1710 905 notatur
1740 856 1934 918 Evang.

239 929 351 977 Joh.
386 931 417 975 4
460 925 523 976 οὐ
557 925 657 988 γὰρ
693 928 1036 988 συγχρῶνται
1067 925 1321 978 Ἰουδαῖοι
1355 927 1720 991 Σαμαρείταις.
1791 929 1932 977 verbi

241 1003 538 1065 significatio
579 1002 800 1065 vulgaris
842 1018 944 1050 esse
982 1003 1191 1052 videtur.

353 1075 728 1137 προσδοκᾶν
761 1090 901 1124 τινα
932 1077 1248 1125 ποιοῦντα
1280 1071 1364 1143 (fr
1388 1077 1550 1124 LXIV
1576 1073 1721 1142 [Heb.
1748 1080 1797 1124 et
1820 1077 1934 1124 Kal.

242 1152 297 1199 fr.
329 1145 421 1215 23]
464 1152 552 1198 col.
577 1150 604 1197 I
634 1167 679 1197 v.
717 1143 771 1216 7)
813 1166 1058 1212 nusquam
1099 1151 1219 1199 alibi
1258 1153 1450 1198 exstare
1489 1151 1699 1199 videtur.

353 1222 753 1286 ὑφίστασθαι
817 1224 875 1271 de
944 1225 1245 1288 imaginibus
1308 1226 1566 1273 hominum
1626 1227 1678 1272 in
1741 1227 1935 1273 animos

242 1302 437 1348 nostros
492 1298 867 1360 subrepentibus
923 1298 1110 1346 dictum
1167 1293 1247 1364 (fr.
1288 1299 1455 1346 LXIII
1493 1300 1583 1347 col.
1615 1299 1667 1346 II
1710 1294 1855 1362 [Heb.
1886 1301 1944 1345 et

243 1373 355 1422 Kal.
396 1374 454 1419 fr.
484 1375 548 1420 21
594 1373 683 1421 001.
708 1367 783 1437 H]
825 1389 869 1419 v.
898 1366 953 1438 9)
994 1389 1239 1436 nusquam
1280 1374 1413 1435 apud
1445 1373 1713 1435 Epicurum
1752 1374 1939 1436 legitur

245 1463 402 1509 neque
443 1447 576 1508 apud
608 1447 732 1495 alios
779 1448 1042 1508 scriptores
1080 1449 1271 1508 inveni,
1311 1447 1396 1496 sed
1445 1444 1804 1507 προσπίπτειν
1856 1446 1938 1494 vel

245 1518 565 1570 ὑποπίπτειν
598 1522 678 1569 vel
708 1518 1036 1581 ὑπέρχεσθαι
1069 1521 1167 1569 dici
1192 1522 1329 1570 solet.
1371 1521 1749 1570 similitudinem
1781 1536 1935 1582 quan-

247 1596 361 1643 dam
391 1595 576 1643 habent
605 1611 774 1643 rursus
806 1594 1083 1656 Polybiana
1111 1599 1194 1656 11,
1223 1597 1306 1656 30,
1334 1598 1363 1642 2
1406 1597 1481 1660 τῷ
1515 1593 1574 1643 δὲ
1607 1592 1794 1654 πλήθει
1827 1608 1935 1642 τοι-

247 1670 410 1718 οῦτον
451 1666 657 1729 ὑπέστη
706 1666 851 1729 δέος,
901 1672 1090 1717 animos
1135 1672 1269 1731 vul-qi
1321 1670 1434 1718 talis
1484 1673 1636 1717 terrm·
1685 1670 1938 1728 subrepsit.

360 1743 503 1790 Addo
537 1744 667 1805 quod
701 1744 894 1791 dicendi
926 1745 1141 1791 formula
1175 1739 1334 1793 ὅσον
1369 1740 1462 1792 ἐπ’
1499 1740 1634 1805 ἐμοί
1667 1735 1748 1809 (fr.
1773 1741 1940 1789 LXIII

251 1814 394 1882 [Heb.
437 1820 485 1865 et
524 1817 635 1865 Kal.
680 1819 741 1886 ,fn
783 1812 877 1882 21]
933 1819 1021 1865 col.
1062 1818 1114 1865 II
1160 1835 1204 1866 v.
1251 1811 1307 1884 5)
1369 1820 1422 1865 in
1475 1817 1681 1878 Epicuri
1740 1817 1945 1877 scriptis

248 1908 347 1939 non
385 1893 654 1952 invenitur,
694 1891 828 1953 apud
869 1892 1189 1940 Aristotelem
1228 1893 1377 1940 semel
1417 1894 1620 1939 notatur
1659 1891 1806 1939 Polit.
1834 1887 1871 1938 Β
1892 1891 1946 1950 9,.

249 1983 295 2027 p.
332 1967 432 2013 127
440 1966 514 2013 Ob
559 1967 649 2026 12,
699 1968 754 2013 in
803 1968 1131 2028 posteriorum
1181 1969 1460 2028 temporum
1511 1965 1832 2026 scriptoribus
1882 1967 1942 2010 ut

248 2039 532 2100 Plutarcho,
556 2039 792 2101 Luciano,
825 2041 938 2087 aliis
971 2056 1115 2102 saepe
1139 2041 1336 2104 legitur,
1369 2039 1502 2102 apud
1524 2040 1798 2102 Diogenem
1823 2053 1942 2099 quo·

253 2130 345 2175 que
384 2115 549 2175 ipsum
587 2115 646 2161 fr.
670 2113 696 2160 I
735 2106 881 2180 (Heb.
909 2117 958 2161 et
980 2114 1089 2162 Kal.
1118 2108 1212 2180 59)
1252 2115 1342 2162 col.
1366 2114 1418 2161 II
1455 2131 1500 2163 v.
1532 2116 1611 2162 13.

363 2187 503 2243 Quod
557 2188 709 2236 verba
762 2185 1085 2249 περιγίνεταί
1139 2185 1239 2236 τινί
1295 2203 1342 2236 τι
1398 2182 1479 2252 (fr.
1521 2187 1686 2235 LXIII
1740 2187 1828 2234 col.
1870 2185 1945 2232 IV

255 2257 399 2326 [Heb.
427 2266 477 2309 et
500 2261 610 2309 Kal.
649 2263 708 2310 fr.
737 2260 891 2327 21s22
927 2263 1016 2311 001.
1035 2257 1130 2326 IV]
1167 2279 1207 2309 v.
1231 2255 1309 2328 1),
1351 2258 1647 2321 ἐλάττωσις
1673 2254 1754 2326 (fr.
1781 2257 1941 2306 LXIV

255 2331 401 2400 [Heb.
428 2338 477 2383 et
500 2336 610 2383 Kal.
652 2338 710 2383 fr.
740 2332 831 2400 23]
885 2337 973 2384 col.
1006 2337 1031 2382 I
1077 2353 1121 2383 v.
1158 2330 1236 2402 3),
1284 2333 1454 2396 τίθημί
1509 2349 1627 2383 τινα
1679 2328 1944 2382 ποιοῦντά

254 2423 302 2456 τι
342 2403 423 2474 (fr.
465 2409 628 2456 LXIII
684 2405 828 2474 [Heb.
863 2413 912 2458 et
942 2410 1052 2458 Kal.
1108 2412 1166 2457 fr.
1202 2405 1384 2474 21s22]
1440 2410 1529 2456 001.
1570 2408 1648 2455 III
1692 2425 1736 2455 v.
1774 2399 1942 2471 3—6)

253 2483 305 2529 in
343 2483 550 2543 Epicuri
581 2499 706 2545 quae
739 2487 1002 2546 supersunt
1040 2485 1238 2546 scriptis
1270 2500 1370 2531 non
1399 2484 1645 2545 leguntur,
1680 2497 1795 2529 casu
1842 2481 1942 2528 fac-

254 2559 362 2604 tum
402 2573 505 2604 esse
543 2559 703 2620 magis
737 2558 1041 2618 crediderim,
1081 2574 1192 2606 cum
1223 2554 1588 2618 περιγίνεσθαι
1622 2555 1820 2617 quidem
1850 2554 1944 2601 hoc

257 2645 400 2679 sensu
440 2632 713 2691 obtinyendi
753 2632 884 2693 apud
923 2632 1198 2694 complures
1231 2633 1345 2679 ante
1376 2631 1647 2692 Epicurum
1679 2630 1943 2691 scriptores

258 2708 415 2752 exstet
450 2699 743 2769 (Demosth.‚
776 2705 1010 2768 Thucyd.,
1042 2706 1363 2754 Aristotelem
1386 2697 1503 2770 bis),
1529 2707 1578 2751 et
1610 2699 1942 2760 ἑλλάττωσις

258 2779 407 2826 5011101
447 2779 580 2839 apud
610 2778 931 2826 Aristotelem
958 2780 1077 2841 Top.
1106 2781 1153 2838 6,
1180 2781 1208 2827 3
1235 2797 1282 2841 p.
1311 2780 1409 2826 141
1427 2793 1457 2824 3
1486 2780 1550 2826 16
1593 2780 1642 2824 013
1671 2778 1724 2823 111
1758 2777 1943 2823 Anaxi-

258 2852 413 2900 menis
454 2852 728 2900 Rhetoricis
764 2854 847 2911 37,
881 2855 1054 2900 14423
1099 2855 1188 2912 16,
1236 2849 1406 2913 τίθημί
1445 2865 1564 2899 τινα
1601 2846 1863 2898 ποιοῦντά
1896 2862 1943 2896 τι

258 2927 357 2973 iam
398 2928 531 2989 apud
570 2927 830 2974 Platonem
868 2926 944 2974 bis
985 2926 1285 2974 adnotentur
1323 2927 1384 2973 ab
1428 2925 1587 2973 Astio.
