2066 3146
782 130 834 136 ——
899 103 1027 147 XVII
1087 130 1140 135 —

19 247 25 249 ξ
114 246 175 292 fr.
203 246 268 292 57
298 238 373 311 (Π
395 245 484 294 col.
509 240 558 310 Ι)
584 244 806 292 videmus
831 245 1119 306 scriptorem
1144 243 1576 304 demonstrantem,
1601 243 1805 292 eandem

115 334 219 366 rem
242 311 578 386 (ἀταραξίαν)
603 318 830 366 omnibus
860 317 1143 365 hominibus
1174 318 1419 379 prodesse,
1452 321 1500 365 et
1532 318 1590 367 fr.
1620 319 1686 365 59
1713 311 1802 382 (I),

116 392 390 440 deflendam
437 407 539 439 esse
585 392 844 439 hominum
882 394 1039 439 vitam
1077 395 1272 453 tempus
1311 391 1647 453 perdentium,
1687 393 1805 452 quia

117 467 352 528 nesciant,
385 481 510 527 quae
542 466 706 513 animo
740 482 866 527 quae
898 466 1091 528 corpori
1122 465 1234 513 usui
1273 467 1386 525 sint,
1417 466 1543 513 talia
1581 467 1635 513 in
1665 481 1803 527 prae-

116 542 306 588 fatione
350 540 583 602 physicae
631 539 985 601 disputationis
1033 539 1406 588 commemorari
1451 555 1551 587 non
1597 540 1806 598 mireris,

117 630 230 663 cum
270 615 513 675 Epicurus
552 613 657 675 ipse
688 615 833 662 initio
867 614 1108 675 epistulae
1149 613 1405 672 secundae,
1439 629 1538 674 qua
1570 613 1628 661 de
1660 612 1805 661 rebus

116 687 412 737 caelestibus
452 688 634 750 agitur.
673 689 764 735 hoc
798 688 1050 749 scripserit
1088 681 1144 747 (ἓ
1171 688 1256 747 85,
1289 687 1371 735 Us.
1411 704 1458 749 p.
1495 689 1580 748 36,
1626 689 1650 734 1
1673 691 1804 752 sqq.)

117 762 335 823 πρῶτον
362 759 455 821 μὲν
481 757 578 809 οὖν
613 760 679 822 μὴ
714 758 847 810 ἄλλο
880 776 927 809 τι
959 759 1116 821 τέλος
1150 758 1207 809 ἐκ
1239 761 1333 821 τῆς
1367 759 1486 822 περὶ
1519 759 1803 821 μετεώρων

118 833 378 895 γνώσεως
427 871 584 883 .....
634 833 864 896 νομίζειν
922 831 1055 884 εἶναι
1101 832 1132 895 ἤ
1174 849 1274 896 περ
1324 831 1675 896 ἀταραξίαν
1724 833 1808 882 καὶ

118 906 298 958 πίστιν
341 906 554 970 βέβαιον
594 906 830 970 καθάπερ
864 907 948 958 καὶ
989 906 1075 957 ἐπὶ
1113 909 1222 957 τῶν
1264 909 1482 958 λοιπῶν.
1541 909 1652 958 aliis
1685 910 1806 957 locis

116 983 231 1031 aliis
279 983 442 1030 verbis
487 983 618 1030 idem
666 984 854 1031 dictum
901 986 997 1044 est,
1044 986 1103 1030 ut
1142 998 1252 1044 κυρ.
1293 981 1399 1033 δόξ.
1433 983 1503 1030 ΧΙ
1551 980 1594 1031 εἰ
1646 981 1808 1044 μηθὲν

117 1055 256 1118 ἡμᾶς
298 1054 349 1104 αἱ
397 1058 504 1106 τῶν
553 1055 837 1117 μετεώρων
877 1054 1105 1117 ὑποψίαι
1145 1055 1429 1117 ἠνώχλουν
1469 1055 1553 1106 καὶ
1594 1054 1646 1105 αἱ
1687 1055 1806 1117 περὶ

118 1128 369 1188 θανάτου,
396 1129 599 1192 μήποτε
624 1129 762 1192 πρὸς
786 1127 924 1191 ἡμᾶς
960 1129 990 1196 ᾗ
1024 1146 1085 1189 τι,
1123 1127 1197 1179 ἔτι
1231 1145 1288 1179 τε
1321 1130 1383 1180 τὸ
1417 1130 1482 1192 μὴ
1525 1131 1808 1179 κατανοεῖν

120 1203 250 1265 τοὺς
292 1201 457 1266 ὅρους
497 1206 606 1253 τῶν
646 1202 965 1265 ἀλγηδόνων
1002 1203 1225 1253 καὶτῶν
1260 1203 1562 1266 ἐπιθυμιῶν,
1605 1201 1702 1254 οὐκ
1743 1202 1808 1253 ἂν

122 1276 529 1340 προσεδεόμεθα
568 1276 949 1341 φυσιολογίας;
992 1280 1077 1328 cfr.
1119 1281 1270 1327 etiam
1309 1294 1420 1340 κυρ.
1446 1277 1553 1330 δόξ.
1580 1280 1637 1327 Χ.
1716 1280 1809 1326 ita-

120 1371 218 1415 que
265 1369 375 1401 cum
422 1353 676 1401 videamus
722 1354 1088 1416 physiologiam
1144 1354 1288 1415 quasi
1342 1355 1576 1402 ancillam
1623 1354 1813 1402 ethicae

121 1427 394 1489 Epicureos
419 1428 738 1488 existimasse,
763 1428 889 1474 nihil
919 1427 1070 1475 habet
1101 1427 1397 1489 offensionis,
1431 1428 1563 1490 quod
1586 1427 1640 1474 in
1671 1443 1812 1488 prae-

124 1503 310 1549 fatione
355 1492 687 1564 physiologici
733 1503 906 1563 scripti
951 1502 1010 1549 de
1050 1501 1226 1550 studiis
1274 1504 1530 1549 hominum
1569 1503 1812 1564 perversis

125 1578 177 1622 et
232 1575 290 1622 de
344 1575 435 1622 illa
490 1575 644 1623 animi
699 1576 1004 1637 condicione,
1069 1592 1220 1637 quam
1281 1572 1571 1637 ἀταραξίαν
1633 1578 1814 1624 vocant

122 1647 313 1710 Graeci,
354 1649 436 1712 agi
460 1650 698 1710 videmus,
738 1665 849 1698 cum
873 1651 1054 1698 notitia
1078 1666 1243 1698 rerum
1275 1653 1483 1698 naturae
1524 1650 1585 1698 ob
1624 1651 1815 1697 nullam

122 1724 278 1771 aliam
318 1739 517 1771 causam
555 1723 769 1786 petenda
815 1726 882 1773 sit
928 1723 1194 1772 secundum
1234 1725 1504 1786 Epicurum
1545 1725 1643 1772 nisi
1681 1723 1817 1786 quod

125 1794 414 1858 ἀταραξίαν
452 1797 648 1846 efficiat.
705 1814 814 1846 cum
856 1801 1023 1846 autem
1062 1799 1121 1845 fr.
1150 1799 1216 1845 57
1243 1816 1288 1846 v.
1318 1800 1384 1846 13
1413 1799 1543 1845 —fr.
1573 1798 1640 1845 58
1675 1798 1765 1845 col.
1790 1797 1816 1844 I

125 1889 170 1919 v.
199 1875 227 1919 1
271 1865 349 1937 (=
375 1873 433 1919 fr.
459 1871 511 1919 H
535 1873 623 1920 col.
649 1872 688 1933 Ι,
718 1872 951 1920 13—col.
977 1871 1040 1933 II,
1071 1865 1125 1938 1)
1158 1872 1293 1920 dicat
1324 1874 1550 1934 scriptor,
1583 1888 1634 1920 se
1667 1875 1816 1920 antea

122 1946 248 1994 duas
288 1946 515 1994 attulisse
561 1961 733 1995 causas
780 1963 867 1994 cur
911 1946 1138 1994 libellum
1177 1949 1514 2008 componeret,
1553 1947 1612 1994 fr.
1649 1948 1715 1994 59
1743 1939 1816 2012 (I)

126 2022 294 2067 autem
341 2035 490 2067 causa
536 2020 782 2068 scribendi
836 2021 1005 2082 aliqua
1059 2020 1315 2082 afferatur,
1371 2021 1462 2069 hoc
1519 2023 1634 2068 ante
1690 2020 1815 2068 illud

127 2093 467 2142 collocandum
517 2096 613 2154 est3
660 2094 794 2155 quod
837 2097 968 2143 recte
1008 2094 1081 2142 ita
1119 2095 1226 2142 fieri
1265 2095 1480 2157 quodam
1519 2095 1664 2142 modo
1705 2111 1818 2156 pro-

127 2168 274 2214 batur
319 2168 378 2214 fr.
414 2169 481 2215 58
523 2169 612 2216 col.
644 2168 721 2215 HI
761 2162 844 2234 (fr.
868 2168 920 2215 II
958 2169 1047 2216 col.
1078 2162 1175 2234 IV)
1224 2169 1445 2217 versibus
1496 2171 1524 2216 3
1546 2185 1668 2231 sqq.,
1730 2169 1818 2216 ubi

126 2243 337 2304 legimus
389 2244 678 2304 scriptorem
729 2245 876 2290 antea
928 2243 986 2290 de
1037 2242 1175 2290 falsis
1227 2243 1542 2305 opinionibus
1593 2237 1816 2309 (ψευδο-

129 2312 303 2381 δοξία)
351 2317 608 2363 hominum
654 2317 874 2364 locutum
922 2332 1046 2377 esse,
1099 2317 1279 2378 quibus
1326 2317 1487 2365 verbis
1535 2318 1594 2364 fr.
1639 2318 1705 2365 59
1745 2313 1818 2382 (I)

129 2391 314 2451 optime
354 2392 597 2453 congruit.

240 2464 500 2525 Epistulae
541 2464 603 2511 ad
649 2467 858 2512 matrem
906 2464 1051 2512 datae
1091 2465 1372 2528 fragmenta
1418 2481 1578 2527 pauca
1618 2466 1678 2513 ab
1719 2465 1820 2513 edi-

130 2537 320 2585 toribus
370 2538 646 2587 Austriacis
694 2542 824 2586 recte
873 2539 1103 2586 ordinata
1150 2541 1287 2600 sunt,
1334 2554 1450 2586 nam
1488 2539 1574 2587 frr.
1602 2541 1819 2587 23—24

134 2604 358 2678 (LXIV),
405 2629 531 2674 quae
578 2616 746 2660 utrum
787 2615 900 2660 ante
940 2613 1022 2660 frr.
1067 2615 1282 2661 21—22
1324 2605 1537 2679 (LXIH)
1593 2630 1654 2661 an
1711 2616 1822 2675 post

129 2685 418 2734 collocanda
457 2690 619 2734 essent
649 2686 869 2735 dubitari
902 2688 1082 2748 potuit,
1122 2689 1229 2735 arte
1262 2688 1525 2736 coniuncta
1564 2690 1679 2735 sunt
1712 2703 1822 2734 cum
1888 2739 1893 2743 ς

130 2760 400 2880 ἠειῗηξῃῇ
450 2763 517 2807 22
574 2753 786 2827 (LXIII)
858 2761 1087 2809 columna
1159 2761 1362 2823 ultima,
1432 2764 1489 2809 ut
1557 2777 1644 2809 suo
1714 2762 1821 2810 loco

131 2849 221 2894 pro
258 2846 287 2879 a
323 2849 364 2881 o.

245 2906 612 2968 Disputationis
653 2909 711 2956 de
751 2911 1002 2957 senectute
1047 2909 1326 2972 fragmenta
1367 2910 1439 2956 ita
1479 2908 1720 2968 ordinavi,
1767 2912 1824 2955 ut

223 2997 420 3031 Dioomus
444 2998 754 3032 Omontmmsxs
779 3000 995 3039 fragmenta
1019 3000 1075 3031 ed.
1103 2999 1327 3031 William.
1528 2990 1557 3033 b
