2066 3146
147 249 206 277 ne
239 234 419 278 duabus
459 233 649 289 quidem
687 234 824 277 terris
863 234 1008 277 finitis
1046 234 1323 279 immensam
1354 233 1705 277 multitudinem
1738 235 1832 277 ato-

147 306 329 336 morum
375 293 605 346 consumi,
654 294 735 336 sed
782 293 948 336 harum
994 294 1239 349 utramque
1282 307 1375 337 non
1412 292 1566 336 minus
1604 293 1837 336 infinitam

147 352 524 409 magnitudinem
549 351 721 395 habere
748 353 1029 396 credendum
1054 366 1152 397 esse
1177 367 1318 408 quam
1342 351 1472 395 illam
1497 364 1651 394 unam.
1697 354 1836 406 atque

147 411 218 455 ita
263 411 616 468 progredientes
653 410 877 455 videbitis
924 411 1106 454 nullum
1152 411 1337 455 finitum
1375 413 1603 455 terrarum
1644 411 1838 454 mundo-

146 484 343 525 rumque
374 484 619 513 numerum
651 470 874 514 conficere
917 471 1193 514 immensam
1225 470 1396 515 molem
1428 473 1700 514 atomorum.
1763 469 1838 512 In-

148 529 305 572 finitos
354 542 463 585 ergo
509 529 707 572 mundos
753 542 851 573 esse
892 543 1056 573 necese
1104 532 1186 573 est.
1222 557 1275 562 —-
1309 528 1396 572 tali
1433 529 1571 574 modo
1610 528 1838 585 Epicurus

148 601 333 643 quoque
381 588 862 631 innumerabilitatem
908 589 1186 633 mundomm
1234 587 1454 646 probasse
1498 589 1694 632 videtur.
1757 587 1838 631 cfr.

149 661 268 703 quae
300 647 519 691 brevibus
550 647 706 692 verbis
739 648 855 691 dicit
887 662 958 704 ep.
982 648 1002 691 I
1027 653 1084 692 45
1115 648 1209 705 (Us.
1243 663 1288 704 p.
1323 652 1348 692 9
1379 663 1422 692 v.
1451 652 1475 690 6
1496 649 1634 704 sqq.):
1669 649 1724 691 οὐ
1749 649 1839 702 γὰρ

148 707 503 761 κατανήλωνται
544 708 590 751 αἱ
627 712 841 752 τοιαῦται
880 709 1066 763 ἄτομοι,
1115 709 1161 752 ἐξ
1201 709 1269 751 ὧν
1301 708 1358 751 ἂν
1388 710 1572 760 γένοιτο
1605 709 1779 761 κόσμος
1809 710 1838 761 ἢ

149 766 234 821 ὑφ’
265 767 334 810 ὧν
366 767 423 810 ἂν
454 766 683 822 ποιηθείη,
718 767 832 811 οὔτ’
858 768 935 819 εἰς
967 769 1063 811 ἕνα
1096 768 1212 811 οὐτ’
1243 766 1321 819 εἰς
1350 768 1839 822 πεπερασμένους,

148 825 253 870 οὐθ’
289 827 389 869 ὅσοι
430 831 633 870 τοιοῦτοι
673 827 775 870 οὐθ’
807 828 910 870 ὅσοι
950 828 1167 881 διάφοροι
1205 828 1409 879 τούτοις·
1459 827 1581 870 ὥστε
1613 827 1752 870 οὐδὲν
1784 826 1840 869 τὸ

148 885 566 939 ἐμποδοστατῆσόν
598 885 640 929 τ’
671 887 767 929 ἐστι
798 888 914 941 πρὸς
943 888 1031 940 τὴν
1064 886 1274 941 ἀπειρίαν
1305 890 1402 930 τῶν
1435 887 1637 939 κόσμων.

267 972 336 1017 fr.
362 972 520 1016 XXII
566 973 732 1016 titulus
773 973 1107 1030 disputationis
1140 974 1337 1018 ethicae.
1401 975 1460 1017 ad
1494 988 1548 1016 ea
1580 987 1699 1029 quae
1734 988 1842 1029 sup-

147 1031 274 1088 plevi
306 1031 387 1076 cfr.
418 1031 473 1075 fr.
498 1031 646 1076 XXIX
680 1032 783 1089 (HK
808 1035 880 1090 63)
914 1035 961 1076 et
992 1046 1112 1088 quae
1144 1033 1240 1076 dixi
1270 1049 1316 1090 p.
1342 1033 1439 1076 XV.

267 1121 336 1165 fr.
354 1120 541 1165 XXIII
568 1121 690 1165 col.I
713 1136 754 1165 v.
779 1125 878 1164 1—8
912 1122 1028 1165 dicit
1061 1124 1223 1166 contra
1255 1136 1332 1166 eos
1357 1122 1438 1178 qui
1464 1135 1519 1165 ex
1542 1122 1843 1177 philosophia

150 1179 242 1223 sibi
265 1181 515 1236 pecuniam
546 1181 837 1236 honoresque
860 1180 1040 1224 faciant
1064 1183 1243 1237 (πολλοὶ
1265 1183 1355 1236 γὰρ
1378 1182 1632 1237 χρημάτων
1657 1184 1733 1225 καὶ
1755 1195 1843 1225 τει-

150 1244 251 1293 μῶν
268 1241 443 1295 ἕνεκ]εν
454 1240 609 1283 versui
626 1240 776 1296 primo
794 1241 1101 1285 antecessisse
1112 1243 1251 1296 putat
1262 1240 1349 1297 U.).
1376 1254 1470 1283 non
1481 1242 1640 1284 tamen
1654 1240 1842 1283 omnino

148 1298 376 1354 Epicurus
415 1299 568 1342 vetuit
614 1299 875 1355 sapientem
921 1299 1010 1343 tali
1055 1301 1194 1343 modo
1243 1299 1333 1343 sibi
1372 1299 1620 1356 pecuniam
1660 1313 1842 1355 parare,

149 1371 254 1401 cum
295 1358 473 1401 diceret
510 1362 584 1402 καὶ
625 1362 858 1414 μόναρχον
899 1361 948 1402 ἐν
988 1365 1131 1415 καιρῷ
1172 1362 1474 1415 θεραπεύσειν
1521 1361 1625 1415 (τὸν
1666 1361 1842 1414 σοφὸν)

149 1416 220 1473 (fr.
240 1422 324 1461 577
343 1417 441 1474 Ue.)
473 1420 521 1461 et
545 1419 909 1474 χρηματίσεσθαί
931 1433 983 1463 τε
1008 1420 1108 1475 (τὸν
1133 1420 1317 1475 σοφόν),
1351 1419 1449 1463 ἀλλ’
1473 1419 1564 1463 ἀπὸ
1598 1420 1742 1473 μόνης
1766 1431 1842 1462 σο-

149 1478 271 1531 φίας,
306 1477 612 1532 ἀπορήσαντα
634 1477 716 1534 (fr.
743 1482 826 1520 567
846 1477 954 1533 ΕΒ..)
1004 1477 1086 1521 sed
1116 1478 1166 1520 in
1197 1478 1464 1522 universum
1495 1478 1686 1532 quidem
1718 1477 1842 1533 sapi-

148 1537 304 1580 entem
343 1536 491 1579 vitare
529 1550 692 1594 regum
736 1537 893 1580 aulam
933 1537 1114 1591 docuit,
1162 1537 1242 1581 cfr.
1275 1536 1395 1580 illud
1434 1538 1543 1581 λάθε
1586 1539 1757 1591 βιώσας
1795 1538 1844 1580 et

147 1594 321 1639 Wotke
346 1595 492 1639 Wien.
518 1596 647 1640 Stud.
674 1596 715 1639 X
741 1612 774 1639 S.
802 1601 855 1639 67
891 1598 1132 1652 ἐλεύθερος
1163 1597 1258 1652 βίος
1280 1598 1338 1641 οὐ
1364 1598 1558 1641 δύναται
1583 1597 1842 1650 κτήσασθαι

148 1655 363 1710 χρήματα
387 1656 536 1699 πολλὰ
561 1657 635 1700 διὰ
658 1648 714 1700 τό
737 1658 792 1700 τὸ
816 1656 1039 1714 πρᾶγμα(
1047 1655 1145 1714 μὴ)
1164 1657 1325 1712 ῥᾴδιον
1351 1657 1472 1710 εἷμαι
1497 1671 1564 1710 χμ
1569 1659 1636 1710 ρίς
1659 1656 1844 1711 θητείας

148 1715 302 1768 ὄχλων
334 1717 361 1768 ἢ
398 1716 646 1759 δυναστῶν
677 1719 771 1759 κτλ.

268 1773 353 1817 col.
379 1773 422 1815 H
459 1788 502 1816 v.
531 1779 553 1817 1
593 1776 649 1818 τὸ
690 1775 1051 1830 ἐπιζητούμενον
1097 1776 1190 1819 ὑπὸ
1229 1778 1314 1829 τῆς
1352 1776 1574 1829 φύσεως.
1604 1810 1611 1817 .
1641 1808 1651 1817 .
1675 1776 1842 1830 τέλος].

149 1831 382 1876 similibus
414 1833 567 1876 verbis
598 1833 748 1876 utitur
779 1832 1071 1889 Polystratus
1103 1836 1206 1889 περὶ
1237 1835 1411 1886 ἀλόγου
1445 1834 1844 1888 καταφρονήσεως

150 1891 233 1935 col.
266 1891 391 1944 IXb,
436 1907 478 1937 v.
514 1896 658 1948 6sqq.
693 1894 754 1948 (p.
790 1897 844 1936 17
887 1893 956 1936 ed.
989 1892 1166 1949 Wilke)
1215 1894 1495 1949 διώκω[με]ν
1536 1894 1843 1949 συμφώνω[ς]

150 1954 289 2006 ...ἡ
325 1954 465 2006 φύσις
510 1954 645 2007 ἡμῶν
693 1953 833 2008 αύτ[ὴ
882 1954 1027 2008 ζη]τεῑ
1072 1954 1204 2005 τέλος
1250 1954 1298 1995 et
1345 1951 1429 1995 col.
1476 1950 1662 1994 XXHIa
1712 1957 1734 1994 7
1755 1966 1842 2007 sqq

149 2012 210 2066 (p.
237 2015 291 2053 31
316 2009 492 2067 Wilke)
539 2013 663 2066 παρὰ
694 2013 749 2056 τὸ
783 2015 844 2066 μὴ
870 2013 1095 2056 δύνασθαι
1128 2014 1391 2066 διαγνῶναι,
1422 2011 1467 2055 τί
1490 2014 1519 2065 ἡ
1546 2013 1685 2066 φύσις
1708 2014 1844 2065 ἡμῶν

149 2071 270 2124 αὐτὴ
304 2073 430 2125 Ζητεῖ
455 2071 588 2123 τέλος
626 2074 701 2115 καὶ
741 2074 791 2116 ἐκ
828 2071 972 2115 τίνων
1010 2075 1154 2115 τοῦτο
1197 2073 1579 2126 συμπληροῦσθαι
1618 2072 1843 2126 πέφυκεν.

148 2128 231 2173 cfr.
256 2129 402 2172 etiam
434 2128 525 2173 Cic.
560 2129 619 2173 de
651 2129 727 2173 fin.
759 2129 781 2172 I
814 2134 852 2181 7,
880 2134 934 2172 23
967 2131 1204 2185 confirmat
1236 2128 1496 2186 (Epicurus)
1537 2135 1685 2173 autem
1723 2128 1845 2173 illud

146 2189 215 2233 vel
245 2190 443 2232 maxime
472 2189 592 2245 quod
624 2190 728 2245 ipsa
758 2194 954 2243 natm-a,
991 2195 1046 2234 ut
1083 2190 1152 2233 ait
1182 2190 1271 2243 ille,
1301 2190 1463 2232 sciscat
1501 2193 1543 2233 et
1572 2190 1754 2244 probet,
1793 2189 1843 2232 id

147 2252 211 2292 est
240 2249 513 2303 voluptatem
553 2254 594 2292 et
624 2249 820 2292 dolorem
852 2249 917 2305 (et
947 2247 968 2290 I
999 2252 1048 2304 9,
1081 2249 1154 2304 30)
1188 2247 1267 2291 cfr.
1303 2247 1445 2291 etiam
1478 2246 1556 2291 Us.
1588 2247 1643 2292 fr.
1671 2251 1757 2291 260
1795 2249 1844 2292 et

147 2306 232 2363 Ep.
259 2321 328 2363 ep.
356 2306 419 2350 ΠΙ
451 2311 475 2360 ἓ
505 2311 589 2350 129
622 2307 715 2364 (Us.
748 2322 792 2364 p.
820 2312 890 2362 63,
917 2310 973 2364 1).

268 2381 307 2409 v.
335 2371 374 2409 3.
446 2366 585 2410 verba
622 2368 666 2411 τί
706 2367 748 2411 δ’
787 2369 881 2412 ἐστὶ
922 2372 1086 2423 τοῦτο,
1128 2368 1199 2411 ὅτι
1245 2381 1296 2411 τε
1337 2367 1452 2421 μήτε
1490 2370 1693 2420 πλοῦτος
1724 2367 1842 2411 αὐτὸ

149 2426 343 2470 δύναται
381 2431 638 2481 παρασχεῖν
679 2427 794 2481 μήτε
837 2428 949 2471 δόξα
990 2429 1084 2471 κτλ.
1126 2425 1241 2481 quid
1283 2425 1492 2470 habeant
1538 2424 1704 2469 offensi
1749 2440 1843 2470 non

148 2484 283 2528 video
317 2484 428 2539 (HK
458 2499 503 2540 p.
530 2489 617 2528 434
648 2485 698 2528 in
728 2485 802 2529 his
834 2485 984 2530 verbis
1017 2484 1306 2542 offendunt).
1354 2484 1472 2528 dicit
1494 2485 1620 2529 enim
1644 2484 1845 2541 scriptor

150 2543 470 2588 demonstrare
518 2557 567 2589 se
614 2543 732 2588 velle
779 2544 981 2601 primum
1029 2544 1144 2600 quid
1195 2543 1258 2586 sit
1302 2542 1422 2587 illud
1471 2546 1623 2598 τέλος,
1672 2543 1844 2587 deinde

149 2615 302 2658 neque
349 2603 528 2647 divitiis
576 2617 727 2658 neque
765 2603 1020 2648 honoribus
1059 2616 1210 2658 neque
1251 2602 1357 2647 aliis
1396 2602 1534 2647 rebus
1568 2603 1687 2646 illud
1721 2617 1844 2646 com-

148 2662 309 2718 parari
339 2676 476 2719 posse
510 2663 592 2707 sed
623 2662 925 2719 philosophia
959 2662 1070 2706 sola.

269 2736 305 2764 v.
327 2727 353 2765 4
371 2736 469 2778 sqq.
503 2736 595 2765 non
622 2722 737 2766 satis
764 2735 863 2766 esse
889 2722 1076 2766 divitias
1103 2721 1164 2765 ad
1187 2721 1374 2765 beatam
1398 2721 1543 2764 vitam
1570 2735 1858 2777 comparanffi

150 2779 259 2824 dam
285 2782 539 2825 secundum
563 2781 818 2838 Epicurum
842 2783 1004 2825 notum
1031 2782 1114 2825 est.
1160 2779 1243 2824 cfr.
1261 2779 1338 2823 Us.
1357 2779 1413 2824 fr.
1432 2784 1517 2824 548
1541 2782 1596 2824 τὸ
1622 2782 1843 2834 εὔδαιμον

148 2843 224 2884 καὶ
256 2842 480 2896 μακάριον
512 2843 569 2885 οὐ
608 2842 861 2897 χρημάτων
898 2844 1075 2896 πλῆθος
1106 2841 1217 2885 οὐδὲ
1248 2841 1535 2894 πραγμάτων
1567 2842 1704 2894 ὄγκος
1742 2839 1845 2883 οὐδ’

149 2899 287 2954 ἀρχαί
327 2914 449 2952 τινες
492 2901 679 2955 ἔχουσιν
722 2902 832 2945 οὐδὲ
876 2901 1111 2955 δυνάμεις,
1167 2899 1266 2943 ἀλλ’
1304 2899 1474 2944 ἀλυπία
1522 2902 1596 2943 καὶ
1634 2900 1846 2954 πραότης
