2066 3146
854 111 908 115 -—
970 84 1140 127 XXXII
1201 112 1256 117 —

221 242 343 288 opus
395 226 472 274 sit.
564 225 650 271 illa
702 225 964 288 elegimuS,
1012 241 1137 286 quae
1187 225 1327 274 nobis
1378 227 1588 274 maxime
1640 230 1942 289 conspicua‘

222 316 324 350 esse
365 298 670 347 videbantur.

332 373 625 437 Progrediar
663 373 757 432 ita,
797 375 852 418 ut
890 374 1107 434 primum
1145 374 1386 421 vocabula
1423 374 1696 422 recentiora
1735 378 1786 422 et
1827 391 1902 423 ve—

220 454 355 498 tusta
406 447 604 510 quidem
655 447 739 494 sed
788 461 966 493 novam
1017 446 1429 509 significationem
1480 449 1680 510 adepta,
1731 448 1905 496 deinde

221 523 462 572 vocabula
515 512 731 583 poetica,
785 522 892 567 tum
947 535 1031 579 ea,
1095 536 1219 581 quae
1284 521 1345 568 ad
1399 523 1737 583 phoneticam,
1798 525 1903 570 tum

223 614 347 659 quae
388 597 451 643 ad
487 595 743 642 flexionem
785 596 1031 655 spectant,
1071 596 1320 655 postremo
1361 599 1635 644 structuras
1676 596 1905 659 vulgares

223 686 512 718 enumerem.

304 849 340 894 I.
381 847 682 893 Vocabula
722 845 1062 893 recentiora
1102 845 1225 893 sive
1265 850 1506 895 vetusta
1546 849 1645 896 sed
1683 865 1830 895 nova

667 920 1126 983 significatione
1165 921 1455 981 praedita.

225 1037 484 1099 ἀκήδεια
524 1041 627 1086 sive
667 1034 856 1097 ἀκηδία
895 1037 954 1085 fr.
979 1038 1143 1085 XXIV
1176 1039 1265 1087 col.
1292 1039 1368 1086 III
1396 1041 1441 1087 9.
1505 1036 1722 1100 ἀκήδεια
1761 1040 1917 1089 habet,

334 1113 563 1175 Apollon.
606 1112 760 1160 Rhod.
801 1111 879 1158 III
906 1113 1034 1173 298,
1075 1109 1264 1173 ἀκηδία
1310 1113 1492 1176 legitur
1535 1114 1586 1160 in
1625 1113 1770 1173 LXX,
1812 1112 1909 1160 Cic.

336 1189 399 1236 ad
429 1188 535 1234 Att.
572 1190 662 1248 12,
696 1188 788 1246 44,
826 1187 959 1247 apud
992 1186 1289 1248 Lucianum,
1322 1187 1446 1235 alios
1482 1189 1788 1235 recentiores.
1833 1204 1910 1234 ve-

334 1263 636 1314 tustissimus
661 1261 803 1308 testis
829 1262 903 1308 est
927 1261 1254 1322 Hippocrates
1294 1276 1345 1309 π.
1372 1257 1571 1310 ἁδινῶν
1603 1278 1650 1322 p.
1680 1263 1799 1321 272,
1827 1263 1910 1310 39.

336 1337 544 1384 fortasse
582 1335 751 1383 Ionica
790 1351 883 1382 vox
924 1337 1010 1382 est.

227 1407 542 1470 ἀκηρασία
589 1409 794 1456 dubium
842 1411 915 1456 est
954 1426 1073 1456 num
1110 1411 1242 1457 recte
1283 1410 1575 1471 suppleatur
1613 1409 1671 1456 fr.
1704 1409 1912 1456 XXXIX

338 1485 426 1532 col.
460 1483 531 1531 IV
559 1487 613 1544 5,
652 1485 916 1543 inteyritas.
995 1484 1180 1546 legitur
1227 1483 1358 1544 apud
1403 1483 1621 1544 Apollin.
1668 1483 1911 1544 Metaphr.

337 1559 414 1607 Ps.
460 1560 542 1618 14,
570 1560 599 1605 3
642 1561 691 1605 et
734 1560 818 1618 17,
848 1558 932 1618 54,
972 1557 1056 1604 ubi
1097 1557 1344 1621 significat
1373 1559 1586 1617 puritas.
1664 1557 1748 1605 sed
1787 1553 1910 1616 ἀκή-

339 1646 500 1692 ρατος
539 1634 689 1679 etiam
723 1633 904 1691 inteyer
936 1634 1009 1680 est
1045 1634 1094 1679 et
1135 1631 1411 1693 Hesychius
1447 1633 1590 1679 notat
1633 1626 1910 1690 ἀκηρεσία·

339 1703 630 1767 ἀφθαρσία.

229 1777 381 1840 ἄλυς
422 1782 480 1827 fr.
505 1780 661 1827 XXIV
709 1781 797 1827 col.
823 1780 900 1826 ΙΙΙ
929 1781 1009 1827 10.
1088 1781 1292 1841 primus·
1322 1779 1501 1827 habere
1544 1779 1742 1827 videtur
1783 1779 1912 1826 Zeno

339 1854 472 1916 apud
521 1854 669 1902 Clem.
719 1853 856 1901 Alex.
896 1854 1044 1902 Paed.
1084 1853 1161 1901 III
1197 1856 1286 1909 11,
1325 1856 1391 1901 74
1433 1847 1516 1919 (fr.
1553 1854 1655 1900 246
1697 1846 1914 1918 Arnim),

340 1931 535 1990 saepius
575 1928 723 1975 habet
763 1927 1058 1975 Plutarchus
1099 1931 1147 1975 et
1186 1927 1316 1975 idem
1358 1926 1506 1974 Olem.
1547 1927 1683 1974 Alex.

231 1999 301 2051 ἄν
350 2018 439 2065 pro
489 1999 582 2050 ἐάν
631 2017 823 2063 semper
870 2002 1063 2049 dicitur.
1142 2003 1227 2049 cfr.
1277 2001 1476 2049 Schmid
1519 2000 1804 2048 Atticismus
1844 2001 1915 2046 IV

339 2095 384 2138 p.
416 2078 518 2124 123
539 2092 643 2138 sqq.
722 2077 985 2138 aliquoties
1024 2077 1077 2123 in
1117 2075 1394 2123 oratoribus
1434 2074 1616 2123 Atticis
1657 2078 1707 2122 et
1745 2075 1916 2121 inscri-

340 2151 592 2212 ptionibus
632 2151 814 2198 Atticis
853 2151 967 2198 inde
1007 2166 1036 2197 a
1076 2165 1199 2198 saec.
1232 2150 1278 2195 V
1311 2166 1353 2197 a.
1389 2149 1514 2210 Chr„
1553 2164 1826 2210 numquam
1864 2148 1917 2195 in

340 2227 542 2286 papyris
581 2225 835 2286 Parisinis,
875 2226 975 2275 scre
1015 2240 1285 2284 numquam
1324 2225 1376 2270 in
1415 2223 1512 2271 NT
1551 2223 1823 2283 invenitur,
1863 2223 1915 2268 in

341 2299 627 2359 posterioris
673 2301 840 2346 tamen
887 2300 1067 2346 aetatis
1114 2313 1334 2346 sermone
1373 2297 1565 2359 plebeio
1603 2311 1771 2343 rursus
1813 2311 1916 2343 sae-

341 2374 453 2433 pius
493 2376 775 2434 usurpatur.

234 2443 564 2506 ἀπόφασις
619 2463 708 2507 pro
757 2443 950 2510 φάσις,
1000 2442 1193 2506 φάσμα
1247 2446 1305 2492 fr.
1338 2445 1462 2492 VIII
1508 2444 1596 2491 col.
1632 2443 1684 2490 II
1717 2445 1746 2490 8
1797 2442 1919 2490 alibi

343 2537 441 2568 non
479 2521 743 2568 invenitur.

236 2591 540 2654 βαρέομαι
602 2610 689 2655 pro
755 2591 960 2654 βαρέως
1024 2590 1230 2654 φέρειν,
1295 2592 1576 2640 λυπεῖσθαι
1645 2591 1703 2638 fr.
1758 2590 1917 2637 LXIV

345 2668 434 2715 col.
460 2668 537 2714 ΙΙΙ
566 2672 610 2714 9.
668 2669 751 2715 cfr.
786 2667 944 2715 Praef.
978 2684 1025 2729 p.
1050 2667 1226 2714 XXVI.
1274 2669 1477 2728 propter
1508 2663 1918 2727 significationem

344 2742 424 2788 hic
470 2744 807 2800 enumeratur,
855 2741 940 2788 sed
988 2741 1073 2788 cfr.
1123 2742 1271 2788 etiam
1319 2739 1407 2788 sub
1447 2739 1649 2786 vocibus
1695 2738 1918 2798 poeticis.

237 2811 420 2875 βάσις
459 2831 549 2875 pro
584 2812 799 2875 σκέλος,
841 2814 978 2874 ποῦς
1018 2815 1077 2864 fr.
1102 2814 1309 2861 XXXIX
1335 2813 1425 2861 col.
1450 2812 1526 2859 III
1554 2813 1599 2859 6.
1663 2811 1812 2859 semel
1851 2813 1918 2858 le-

204 2935 279 3146 Χ
346 2891 484 2952 gitur
522 2889 653 2951 apud
692 2889 951 2936 Platonem
990 2888 1114 2936 Tim.
1143 2889 1209 2936 92
1223 2904 1274 2948 a,
1314 2902 1458 2948 saepe
1498 2886 1629 2947 apud
1661 2885 1918 2933 Philonem
