2066 3146
825 80 1143 124 -XV-

144 238 243 284 quo
286 222 345 269 de
386 221 743 284 cupiditatibus
784 221 968 269 dictum
1011 224 1098 281 est,
1137 221 1275 268 nulla
1307 222 1587 284 fragmenta
1627 225 1834 270 exstant.

142 322 216 329 —-
254 298 446 344 restant
476 297 559 343 frr.
589 295 807 342 66—70
834 290 1273 361 (xxv—XXVI).
1323 311 1448 356 quae
1480 297 1530 342 in
1566 296 1834 344 secundum

147 372 299 432 caput
331 367 450 430 περὶ
482 364 742 429 πράξεων,
776 369 906 430 quod
937 368 1127 416 indicat
1149 368 1396 432 Diogenes
1428 371 1484 415 fr.
1515 370 1581 416 63
1609 362 1836 435 (XXIX),

147 445 370 491 referunt
408 442 666 504 Heberdey
707 445 756 490 et
786 442 1019 503 Kalinka,
1057 458 1155 490 non
1194 446 1325 491 recte
1364 447 1422 490 ut
1460 443 1648 504 opinor.
1718 459 1835 495 nam

147 520 359 580 scriptor
392 533 501 564 cum
534 515 624 576 „de
656 515 963 564 actionibus“
989 517 1248 578 disputans
1275 517 1336 564 ad
1361 518 1572 565 virtutes
1604 519 1835 577 venisset,-

144 592 184 639 si
226 593 467 652 quantum
515 605 597 638 eas
645 590 708 638 ad
752 590 951 638 beatam
997 592 1155 638 vitam
1203 591 1483 638 conferrent
1529 591 1832 640 demonstra-

140 666 312 725 visset,
368 666 497 712 certe
553 665 621 712 sic
674 665 776 712 fere
831 665 972 726 loqui
1023 665 1209 726 potuit:
1257 665 1373 725 „has
1422 665 1483 712 ad
1532 681 1654 726 quas
1700 681 1833 717 nunc

142 740 363 786 venimus
396 740 604 786 virtutes
644 754 743 785 non
783 738 928 786 debet
967 739 1198 787 arbitrari
1230 741 1392 801 ipsum
1427 754 1530 787 esse
1562 737 1719 799 τέλος
1752 740 1831 788 vel

143 813 302 874 ipsam
341 828 443 861 esse
483 812 639 860 vitam
678 811 891 873 beatam,
931 813 1015 860 sed
1055 812 1245 860 efficere
1283 815 1481 860 tantum
1519 812 1702 860 illam“.
1778 816 1833 861 at

142 887 210 934 sic
250 902 347 934 non
387 887 610 948 loquitur
647 886 748 947 ille,
787 887 873 934 sed
912 886 1034 934 dicit
1070 887 1130 934 fr.
1165 881 1319 950 66s67
1350 880 1534 953 (XXV)
1575 889 1665 935 col.
1699 888 1746 935 I:
1786 884 1829 936 εἰ

144 959 238 1020 μὲν
280 999 288 1008 .
317 999 325 1008 .
354 999 363 1007 .
391 999 400 1008 .
444 957 727 1020 ἐπίσκεψιν
761 955 915 1020 εἶχεν,
950 957 996 1008 τί
1037 960 1131 1020 τῆς
1167 957 1506 1021 εὐδαιμονίας
1540 959 1830 1021 ποιητικόν,

140 1031 433 1095 ἐβούλοντο
475 1030 526 1082 δ’
569 1030 718 1083 οὗτοι
765 1031 862 1094 τὰς
896 1031 1090 1095 ἀρετὰς
1125 1032 1302 1092 λέγειν,
1333 1073 1342 1083 .
1370 1074 1378 1083 .
1407 1074 1416 1083 .
1446 1074 1485 1093 .,
1519 1033 1680 1084 οὐδὲν
1715 1031 1831 1084 ἄλλ’-

140 1105 244 1156 ἕδει
300 1108 474 1157 ποιεῖν
529 1105 560 1168 ἢ
617 1106 831 1168 τούτοις
887 1109 1519 1169 συνομογνωμονοῦντας
1569 1107 1634 1169 μὴ
1688 1106 1829 1170 ἔχειν

141 1179 439 1243 πράγματα.
519 1179 633 1230 ἐπεὶ
682 1179 748 1239 δ’,
799 1179 874 1242 ὡς
923 1180 1086 1241 λέγω,
1135 1180 1197 1231 τὸ
1238 1180 1520 1244 πρόβλημα
1560 1181 1625 1232 οὐ
1667 1181 1830 1232 τοῦτό

140 1253 300 1314 ἐστιν,
327 1254 373 1304 τί
399 1256 494 1317 τῆς
529 1253 868 1316 εὐδαιμονίας
902 1254 1189 1316 ποιητικόν,
1224 1254 1270 1304 τί
1304 1255 1362 1304 δὲ
1396 1254 1458 1305 τὸ
1493 1255 1830 1317 εὐδαιμονεῖν

141 1327 304 1387 ἐστιν,
347 1328 431 1384 καὶ
465 1326 528 1378 οὗ
562 1327 695 1379 κατὰ
726 1327 789 1378 τὸ
824 1326 1059 1390 ἔσχατον
1098 1327 1130 1390 ἡ
1173 1328 1340 1391 φύσις
1383 1327 1534 1392 ἡμῶν
1576 1328 1834 1392 ,ὀρέγεται

142 1399 197 1468 (i.
225 1421 262 1454 e.
303 1402 366 1452 τὸ
407 1398 603 1466 τέλος),
645 1402 741 1464 τὴν
783 1403 877 1464 μέν
917 1401 1119 1464 ἡδονήν
1168 1419 1301 1466 φημι
1348 1403 1432 1453 καὶ
1471 1405 1569 1453 νῦν
1603 1403 1687 1453 καὶ
1727 1402 1831 1455 αἰεὶ

139 1516 334 1526 ......
375 1478 471 1538 τῆς
521 1474 743 1538 ἀρίστης
794 1479 1065 1538 διαγωγῆς
1113 1475 1373 1538 ὑπάρχειν
1413 1476 1590 1538 τέλος,
1631 1476 1728 1539 τάς
1769 1479 1829 1528 δὲ

138 1548 332 1612 ἀρετὰς
359 1591 367 1599 .
396 1591 405 1599 .
433 1591 442 1600 .
470 1591 479 1600 .
506 1549 662 1612 τέλος
697 1551 791 1612 μὲν
817 1550 1078 1613 οὐδαμοῦ,
1113 1550 1389 1613 ποιητικὰς
1423 1551 1482 1601 δε
1515 1553 1610 1601 τοῦ
1637 1551 1828 1614 τέλους

139 1622 285 1684 εἶναι,
327 1627 462 1687 quod
498 1629 671 1688 postea
711 1627 1045 1674 demonstrare
1086 1627 1264 1675 studet.
1326 1628 1464 1675 vides
1503 1627 1556 1674 id
1596 1644 1832 1690 quaerere

140 1702 444 1762 scriptorem,
485 1701 602 1762 quid
643 1698 801 1763 τέλος
842 1702 908 1748 sit
942 1694 1011 1767 (τί
1044 1698 1105 1748 τὸ
1140 1698 1476 1761 εὐδαιμονεῖν
1512 1695 1698 1768 ἐστιν),
1730 1719 1834 1768 ιιοιιΙ

137 1775 309 1836 quales
357 1776 568 1823 virtutes
615 1774 737 1836 sint,
786 1776 836 1822 et
875 1790 956 1823 eos
994 1775 1373 1837 reprehendere,
1414 1778 1502 1838 qui
1540 1777 1631 1824 hoc
1671 1773 1833 1836 τέλος

140 1848 204 1895 de
239 1865 335 1910 quo
379 1851 660 1910 quaeratur,
691 1849 905 1898 virtutes
939 1864 1043 1897 esse
1075 1851 1263 1911 putent.
1341 1851 1511 1912 itaque
1543 1850 1664 1898 haec
1696 1851 1829 1913 frag-

140 1925 309 1971 menta
347 1937 459 1970 cum
491 1925 732 1984 appareat
754 1939 854 1971 non
887 1938 989 1971 esse
1020 1924 1278 1971 referenda
1309 1923 1362 1970 in
1392 1924 1534 1971 illam
1566 1925 1831 1981 secundam

138 1998 332 2058 partem
379 1996 756 2058 disputationis,
804 2000 953 2059 atque
1001 2013 1111 2045 cum
1158 2014 1218 2045 ne
1263 1997 1317 2044 in
1370 1998 1583 2059 primam
1630 1999 1831 2059 quidem

138 2071 330 2131 partem
373 2071 636 2131 quadrent,
676 2086 778 2132 qua
817 2071 875 2119 de
916 2071 1172 2119 affectibus
1205 2072 1386 2136 agitur,
1424 2073 1591 2134 potius
1624 2076 1675 2120 et
1714 2076 1828 2120 ante

138 2144 266 2191 hanc
306 2147 355 2191 et
395 2146 509 2191 ante
547 2145 689 2191 illam
727 2146 780 2192 in
819 2144 965 2192 initio
1005 2146 1179 2206 scripti
1216 2146 1445 2207 ponenda
1484 2149 1611 2194 sunt.
1667 2162 1828 2194 nonne

136 2217 237 2264 iam
269 2218 326 2264 fr.
356 2219 424 2266 60
450 2211 665 2284 (XXIII)
692 2219 902 2280 scriptor
934 2219 992 2266 de
1017 2234 1208 2267 summo
1240 2219 1369 2267 bono
1393 2219 1651 2282 loquitur?
1683 2238 1828 2283 quem

136 2292 406 2339 verisimile
446 2294 521 2339 est
559 2292 778 2340 eiusdem
817 2293 1086 2356 fragmenti
1118 2293 1206 2341 col.
1231 2293 1310 2340 III
1339 2295 1640 2356 promisisse,
1680 2296 1739 2342 de
1772 2311 1830 2344 ea

134 2382 186 2412 re
227 2380 276 2413 se
323 2368 496 2427 postea
544 2369 768 2414 acturum
816 2382 932 2414 esse.
1010 2367 1180 2429 itaque
1227 2367 1522 2416 credendum
1568 2371 1664 2430 est,
1710 2369 1827 2417 Dio-

135 2455 310 2502 genem
343 2441 414 2487 ita
447 2441 743 2502 opusculum
776 2457 919 2489 suum
949 2441 1240 2501 instituisse,
1271 2444 1328 2488 ut
1358 2443 1575 2503 primum
1607 2459 1732 2505 quae
1766 2445 1829 2497 ab

137 2513 395 2575 Epicureis
435 2514 627 2562 ratione
660 2511 780 2575 περὶ
812 2512 1003 2574 τέλους
1036 2515 1326 2563 docerentur
1358 2520 1623 2578 exponeret
1661 2520 1710 2565 et
1743 2518 1827 2565 ad-

137 2588 381 2636 versarios
414 2581 655 2655 (Stoicos)
687 2589 950 2650 refelleret,
982 2589 1156 2637 deinde
1189 2592 1371 2650 autem,
1402 2593 1668 2652 postquam
1700 2588 1826 2650 ἡδο-

135 2659 234 2721 νὴν
267 2677 515 2709 summum
545 2662 729 2710 bonum
762 2678 866 2711 esse
898 2663 1207 2724 ostendisset,
1247 2665 1538 2726 explicaret,
1579 2665 1828 2726 quomodo

137 2736 190 2782 in
220 2736 355 2783 vitae
385 2751 477 2784 usu
508 2737 649 2785 nobis
681 2737 802 2784 haec
834 2737 1042 2785 scientia
1074 2737 1352 2786 adhibenda
1382 2741 1512 2787 esset
1535 2732 1644 2804 (cfr.
1670 2740 1729 2787 fr.
1758 2741 1825 2793 63
1880 2742 1885 2747 “

139 2804 347 2873 [xm]
373 2810 461 2858 col.
487 2809 513 2857 I
565 2806 741 2876 ἡμ[εῑς
789 2805 1072 2875 ζητο]ῦμεν
1111 2807 1234 2872 ἤδη,
1290 2811 1406 2872 πῶς
1447 2809 1478 2860 ὁ
1521 2810 1634 2873 βίος
1672 2810 1825 2873 ἡμεῖν

135 2879 268 2943 ἡδὺς
284 2931 286 2934 ,
308 2878 560 2950 γένηται).
