2066 3146
67 537 148 583 16.

67 980 148 1026 17.

67 1422 148 1470 18.

68 1868 149 1914 19.

66 2460 150 2507 20.

68 2829 151 2875 21.

731 95 1084 140 „XLV-

188 238 279 287 Gr.
308 238 395 287 Gr.
419 237 471 286 H
498 240 527 285 2
554 254 599 300 p.
628 237 729 285 501
767 236 878 284 adn.
926 236 1150 283 Aristeas
1183 236 1335 284 semel
1366 236 1517 284 habet
1556 231 1619 302 (c.
1647 230 1755 303 90),

189 329 333 374 saepe
382 311 647 374 «Iosephus,
694 326 794 358 non
839 325 1112 372 numquam
1158 309 1440 371 Epictetus,
1486 310 1756 358 Atticistae

190 402 386 448 quoque
432 385 638 445 habent,
693 385 751 433 de
806 383 983 447 quibus
1038 384 1123 432 cfr.
1181 383 1487 431 Schmidium
1533 384 1636 432 Att.
1684 385 1756 431 IV

188 477 235 523 p.
264 461 385 519 622,
423 459 500 506 III
538 476 584 521 p.
613 460 697 518 85,
736 459 808 505 IV
846 475 893 520 p.
920 459 1004 506 87.

190 531 358 583 ὥστε
398 535 577 581 omisso
616 532 892 581 infinitivus
925 532 1058 581 solus
1095 533 1491 581 consecutionem
1524 534 1758 595 exprimit

187 609 247 656 fr.
273 606 437 655 XXIV
484 606 657 654 001.Π
692 610 774 654 14.
861 623 918 654 ex
966 606 1203 668 exemplis
1250 606 1525 655 Blassianis
1576 606 1660 655 Gr.
1710 608 1755 655 d.

189 682 298 730 ΝΤ
331 698 376 743 p.
407 682 510 728 219
551 681 668 728 111110
707 681 1018 728 simillimum
1054 682 1131 728 est
1168 681 1410 729 Actorum
1449 682 1620 743 Apost.
1650 683 1697 742 5,
1723 683 1753 729 3

190 752 277 804 διὰ
326 752 374 803 τί
436 751 755 815 ἐπλήρωσεν
817 751 847 803 ὁ
898 753 1149 814 Σατανᾶς
1204 752 1302 814 τὴν
1358 751 1578 815 καρδίαν
1635 765 1755 812 σου,

190 825 501 889 ψεύσασθαί
554 838 617 877 σε
665 826 727 877 τὸ
768 829 978 889 πνεῦμα
1021 826 1083 877 τὸ
1125 824 1279 887 ἅγιον
1320 826 1404 877 καὶ
1443 826 1754 890 νοσφίσασ-

190 905 276 952 Θαι
315 902 423 951 κτλ.

190 974 395 1026 καίτοι
421 993 532 1025 011111
547 978 813 1039 participio
829 993 919 1039 pro
937 974 1123 1037 καίπερ
1140 978 1200 1024 fr.
1218 977 1380 1024 LXIV
1397 978 1486 1026 col.
1504 978 1556 1024 II
1576 979 1621 1025 9.
1651 993 1757 1025 mos

188 1051 547 1114 posterioribus
602 1051 906 1114 temporibus
952 1051 1309 1100 usitatissimus
1356 1044 1466 1118 (cfr.
1507 1052 1758 1100 Blassium

189 1126 222 1174 1.
249 1141 287 1173 c.
326 1142 373 1187 p.
402 1119 550 1191 242),
589 1127 676 1187 qui
715 1128 884 1173 tamen
923 1127 1025 1173 iam
1064 1126 1200 1188 apud
1234 1125 1538 1173 Simonidem
1580 1129 1630 1174 et
1661 1126 1756 1189 Ly-

190 1200 315 1248 siam
339 1200 490 1247 semel
515 1200 747 1260 occurrit,
780 1201 866 1247 cfr.
891 1198 1272 1247 Kiihner-Gerth
1301 1200 1386 1248 Gr.
1416 1200 1503 1248 Gr.
1526 1200 1580 1247 H
1606 1203 1653 1263 2,
1673 1203 1756 1249 85.

191 1290 215 1322 e
262 1274 462 1336 vulgari
515 1289 736 1321 sermone
794 1275 946 1321 etiam
992 1274 1044 1321 in
1091 1273 1354 1323 Atticistas
1400 1275 1623 1337 irrepsit,
1672 1276 1757 1323 cfr.

191 1347 497 1396 Schmidium
535 1348 566 1395 l.
594 1363 631 1395 0.
673 1347 744 1395 IV
786 1365 831 1410 p.
862 1350 982 1396 620.

192 1420 264 1483 μή
306 1422 507 1485 negatio
546 1438 636 1483 pro
678 1419 742 1470 οὐ
782 1424 835 1468 111
879 1421 1137 1470 sententiis
1175 1423 1415 1483 relativis,
1455 1423 1606 1471 etiam
1646 1427 1759 1484 post

191 1492 272 1545 ὅτι
320 1495 540 1559 vulgaris
588 1489 827 1544 sermonis
878 1511 996 1544 usus
1047 1498 1143 1559 est,
1191 1513 1339 1558 quem
1388 1499 1558 1544 tamen
1605 1498 1758 1545 etiam

188 1570 458 1618 Atticistae
482 1586 581 1617 non
606 1572 807 1618 omnino
831 1572 1078 1634 ignorant,
1112 1572 1198 1619 cfr.
1232 1570 1538 1619 Schmidium
1568 1571 1599 1618 1.
1626 1587 1664 1619 0.
1685 1572 1758 1619 IV

188 1661 236 1706 p.
265 1645 386 1692 623.
463 1645 564 1691 iam
612 1644 743 1706 apud
791 1647 1014 1693 vetustos
1062 1647 1324 1706 scriptores
1370 1646 1517 1694 huius
1565 1647 1758 1709 generis

189 1734 350 1780 pauca
382 1719 604 1780 exempla
637 1721 848 1780 exstant,
884 1719 968 1767 cfr.
1002 1718 1387 1767 Kiihner-Gerth
1422 1719 1507 1769 Gr.
1538 1721 1623 1769 Gr.
1648 1719 1698 1767 Π
1726 1723 1755 1768 2

189 1809 236 1854 p.
266 1793 384 1840 188.

191 1862 304 1916 οὖν
344 1883 443 1915 11011
482 1883 756 1928 numquam
795 1883 824 1914 a
864 1868 1139 1915 sententiae
1178 1868 1323 1916 initio
1362 1868 1561 1931 longius
1599 1885 1757 1917 remo-

189 1944 297 1988 tum
343 1942 438 2001 est,
483 1941 542 1988 fr.
577 1941 747 1989 XXIII
793 1942 882 1989 col.
915 1941 940 1988 I
974 1944 1005 1990 8
1055 1944 1106 1989 et
1149 1943 1210 1989 fr.
1243 1942 1458 1990 XXXIII
1505 1944 1594 1991 001.
1628 1944 1654 1990 Ι
1690 1945 1756 1991 14

189 2016 339 2062 tertio
378 2014 502 2074 loco,
539 2016 599 2062 fr.
625 2015 676 2061 II
714 2016 804 2063 col.
830 2015 855 2062 Ι
883 2018 949 2063 14
991 2019 1182 2077 quarto.
1238 2017 1323 2064 cfr.
1355 2017 1580 2065 Aristeas
1620 2034 1657 2066 c.
1688 2020 1752 2065 11

191 2085 240 2136 τί
279 2085 340 2136 τὸ
381 2087 592 2137 κωλῦον
633 2085 745 2146 οὖν,
787 2084 949 2146 εἶπεν,
991 2087 1138 2139 ἐστίν
1183 2093 1232 2138 et
1271 2106 1397 2153 quae
1437 2093 1660 2153 exempla
1700 2108 1758 2139 ex

189 2163 421 2224 Epicteto
445 2163 498 2209 in
520 2162 684 2210 indice
707 2165 852 2211 notat
875 2162 1104 2225 Schenkl,
1131 2164 1183 2211 in
1208 2164 1388 2227 quibus
1413 2161 1512 2214 οὗν
1536 2167 1760 2227 tertium,

192 2240 458 2298 quartum,
499 2235 651 2284 immo
697 2237 774 2285 bis
822 2239 1050 2299 quintum
1105 2238 1267 2286 locum
1313 2242 1451 2287 tenet
1494 2241 1555 2287 fr.
1598 2243 1682 2301 28,
1724 2243 1750 2288 1

194 2307 259 2359 οὐ
293 2308 414 2370 περὶ
438 2310 534 2358 τοῦ
560 2308 822 2371 τυχόντος
856 2307 969 2374 οὗν,
1008 2311 1082 2359 IV
1110 2316 1155 2373 1,
1185 2307 1287 2361 125
1330 2311 1418 2362 διὰ
1448 2311 1497 2362 τί
1538 2312 1623 2363 ἐπὶ
1664 2312 1757 2375 μό-

195 2398 293 2433 νου
327 2379 425 2432 οὗν
466 2384 561 2433 τοῦ
603 2381 893 2446 ἀνθρώπου
934 2385 1043 2434 κτλ.

190 2457 575 2518 Adverbium,
639 2474 736 2520 quo
799 2460 1101 2508 adiectivum
1170 2464 1447 2510 accuratius
1511 2462 1760 2524 definitur,

190 2532 305 2580 huic
342 2534 663 2595 postponitur
699 2534 758 2580 fr.
784 2532 883 2581 VII
921 2535 1012 2581 col.
1037 2535 1063 2582 I
1091 2537 1157 2582 12
1200 2529 1425 2601 (λεπτὴν
1459 2533 1503 2584 δ’
1538 2531 1759 2603 ἄκρως),

189 2607 249 2653 fr.
268 2605 392 2653 VIII
409 2607 498 2654 col.
516 2607 588 2653 IV
615 2609 644 2654 2
673 2600 897 2673 (λεπτὸν
923 2602 1147 2676 ἄκρως),
1182 2610 1241 2657 fr.
1268 2610 1531 2658 XXXVHI
1558 2612 1648 2659 col.
1673 2611 1698 2659 I
1723 2613 1756 2658 4

194 2680 384 2740 μεικρῶ
424 2674 606 2746 πάνυ).
685 2681 737 2728 111
775 2682 872 2728 NT
911 2683 1201 2745 plerumque
1240 2683 1311 2745 fit,
1350 2685 1436 2733 cfr.
1476 2685 1620 2733 Blass
1659 2686 1691 2733 1.
1717 2701 1755 2733 0.

191 2824 285 2887 τίς
324 2844 596 2890 pronomen
634 2829 951 2878 indefinitum
990 2845 1102 2878 cum
1134 2834 1363 2895 genetivo
1403 2834 1644 2894 partitivo
1685 2849 1755 2881 se-

193 2904 374 2963 quente
398 2904 458 2951 fr.
475 2902 554 2950 III
570 2902 660 2951 col.
677 2903 729 2951 II
750 2907 774 2951 1
800 2896 966 2970 (τινὲς
989 2905 1100 2954 τῶν
1126 2904 1492 2969 φιλοσόφων),
1509 2909 1568 2955 fr.
1588 2907 1757 2955 XXIII
