2066 3146
936 78 1301 131 -73—

276 210 516 267 putaveris
562 209 735 254 Colotis
783 209 955 252 librum
1004 209 1062 252 ab
1110 222 1163 252 eo
1210 211 1482 265 usurpatum
1528 223 1640 253 esse.
1719 208 1971 253 dolendum

274 272 366 325 est,
413 270 730 326 fragmentum
767 268 845 311 hie
886 268 1112 324 abrumpi.
1147 294 1202 299 —
1242 267 1468 324 Epicurus
1502 270 1657 312 autem
1689 268 1791 323 ipse
1823 267 1973 323 quali·
2044 259 2047 291 j

276 331 400 373 tates
445 342 602 372 omnes
649 342 893 383 corporum
933 326 1093 370 divisit
1132 327 1180 369 in
1220 329 1543 382 συμβεβηκότα
1574 329 1622 372 et
1654 329 1973 382 συμπτώματα

275 388 376 444 (Ep.
427 387 545 444 ep.I
596 391 701 440 §68
725 387 864 442 sqq),
911 385 996 429 illa,
1043 398 1239 442 semper,
1284 386 1399 429 haee
1446 401 1538 430 non
1587 399 1766 442 semper
1813 399 1970 441 corpo-

274 447 405 490 ribus
440 447 602 490 adesse
635 447 860 498 statuens,
894 446 1035 500 atque
1062 445 1119 488 de
1142 444 1238 487 illis
1265 445 1382 488 dicit
1413 446 1545 501 „oob’
1577 448 1640 497 ὡς
1672 446 1774 489 καθ’
1806 446 1973 498 ἑαυτάς
2051 475 2054 478 ι

275 507 360 551 εἰσι
411 508 577 561 φύσεις
624 506 889 559 δοξαστέον,
917 538 1045 547 .....
1080 506 1211 548 οὔτε
1261 506 1402 556 ὅλως
1441 507 1512 557 ὡς
1552 507 1651 548 οὔκ
1692 504 1856 558 εἰσιν,
1895 504 1972 560 ((16
2043 527 2066 562 ⁵,-

274 565 541 609 Democrito
576 563 740 619 opinor
772 562 1001 619 cogitans')
1049 563 1149 607 οὐδ’
1181 566 1245 616 ὡς
1276 564 1394 618 ἕτερ’
1433 566 1549 607 ἄττα
1581 565 1973 619 προσυπάρχοντα
2047 565 2060 575 ”

273 627 430 680 τούτῳ
474 625 720 678 ἀσώματα,
762 622 864 665 οὐδ’
896 624 960 675 ώς
994 623 1129 676 μόρια
1161 624 1333 666 τούτου
1368 626 1461 667 κτλ.
1496 649 1550 654 -—
1584 622 1839 667 Democriti
1871 635 1971 666 sen·
2055 623 2058 668 ζ

274 683 428 727 tentia
475 683 588 726 nota
636 683 707 724 est
755 680 826 737 (fr.
863 685 947 724 125
986 680 1115 725 Diels
1156 680 1307 725 γονης.2
1337 696 1381 737 p.
1407 686 1509 736 408,
1536 685 1608 739 17>
1655 685 1784 739 νόμῳ
1826 682 1972 737 χροιή,

275 745 405 798 νόμῳ
440 743 599 796 γλυκύ,
632 742 763 797 νόμῳ
796 741 979 795 πικρόν,
1009 741 1113 797 ἐτεῇ
1147 740 1189 784 δ’
1220 742 1370 795 ἄτομα
1403 744 1476 784 καὶ
1508 743 1657 785 κενόν.

400 801 470 844 fr.
497 800 593 845 vll
634 799 718 844 col.
744 798 765 841 I
801 814 841 843 v.
870 804 894 842 9
928 800 974 842 elz
1005 799 1048 841 II
1085 815 1124 842 v.
1152 803 1179 841 4
1218 801 1370 852 οὕτως
1412 799 1508 843 scil.
1542 815 1595 845 ea
1626 800 1973 858 siqnif'ccatione.
2037 798 2047 817 ‘

275 862 435 915 „Nam
467 862 509 903 si
538 860 589 902 in
621 859 706 902 villa
730 859 992 913 definitione
1025 861 1081 914 (v.
1101 860 1146 914 4)
1174 872 1319 903 vocem
1343 858 1457 902 κενὰ
1490 862 1557 903 ita
1581 861 1781 917 intellegi
1801 860 1973 912 volunt,

278 926 326 964 ut
367 921 588 975 otmayisnes
627 931 819 974 corpora
858 919 1038 973 quidem
1076 919 1287 972 habeant,
1325 920 1456 962 valde
1487 925 1638 963 tamen
1669 921 1849 973 tenuia,
1880 933 1974 962 non

278 985 386 1034 apto
421 979 550 1022 verbo
582 981 824 1021 utunturf‘

398 1037 482 1080 eol.
508 1037 549 1080 Π
594 1040 790 1079 v.1—3.
862 1048 982 1091 quae
1023 1035 1272 1079 simulacra
1311 1036 1492 1080 efficere
1536 1040 1751 1092 possunt,
1797 1051 1852 1082 ea
1883 1052 1975 1085 non

273 1111 421 1140 vacua
454 1111 543 1151 app
556 1095 700 1140 ellare
733 1094 873 1139 debess
906 1096 987 1137 sed
1020 1109 1224 1151 corpora.
1281 1095 1362 1138 cfr.
1395 1095 1479 1152 Ep.
1514 1109 1583 1152 ep.
1617 1096 1638 1139 Ι
1663 1102 1716 1140 67
1750 1100 1804 1141 τὸ
1837 1099 1973 1142 κενὸν

277 1159 385 1200 οὔτε
417 1160 609 1210 ποιῆσαι
641 1157 751 1198 οὔτε
782 1159 946 1199 παθεῖν
979 1156 1182 1198 δύναται.
1236 1153 1382 1198 Stoici
1414 1169 1598 1211 quoque
1622 1156 1715 1212 ipsi
1738 1156 1858 1199 nihil
1882 1155 1974 1200 nisi

278 1229 444 1271 eorpus
479 1214 662 1270 aliquid
693 1213 847 1257 facere
878 1227 1015 1269 posse
1046 1213 1220 1257 volunlz.

397 1289 435 1317 v.
464 1279 488 1317 6
537 1275 563 1317 ὃ
604 1276 660 1327 δὴ
703 1276 776 1316 καὶ
824 1276 994 1327 μᾶλλον
1043 1275 1318 1329 βούλονται]
1387 1274 1516 1328 vide,
1563 1275 1618 1317 ut
1655 1274 1704 1317 in
1744 1274 1887 1318 simili
1925 1288 1975 1319 re

279 1333 611 1376 difficultatem
643 1332 818 1376 evirare
851 1333 1072 1375 studeant
1097 1332 1221 1388 apud
1245 1332 1379 1389 Diog.
1404 1332 1556 1376 Laert.
1575 1333 1660 1376 VII
1682 1338 1735 1377 61
1771 1336 1975 1390 ἐννόημα

279 1395 329 1437 δέ
364 1395 460 1437 ἐστι
493 1394 744 1447 φάντασμα
777 1392 991 1447 διανοίας,
1027 1394 1134 1436 οὔτε
1165 1407 1209 1436 τι
1241 1394 1295 1435 ὂν
1329 1394 1437 1436 οὔτε
1468 1394 1617 1448 ποιόν,
1653 1395 1822 1438 ὡσανεὶ
1855 1395 1906 1438 δέ
1931 1409 1975 1438 τι

284 1454 339 1496 ὂν
372 1455 445 1496 καὶ
478 1454 648 1495 ὡσανεὶ
679 1453 828 1495 ποιόν.

397 1526 437 1554 v.
467 1515 632 1554 9—11:
681 1510 900 1566 quomodo
940 1524 1155 1564 vacuum,
1202 1512 1243 1554 si
1280 1524 1336 1554 ne
1373 1515 1518 1555 exstat
1557 1513 1736 1567 quidem
1783 1512 1828 1569 (i.
1863 1525 1900 1555 e.
1936 1512 1975 1556 si

281 1584 448 1627 corpus
479 1584 570 1614 non
604 1569 762 1624 habet,
796 1569 876 1612 cfr.
910 1585 951 1613 v.
979 1572 1038 1626 5),
1069 1571 1256 1625 speciem
1288 1571 1494 1626 aliquam
1524 1571 1712 1615 induere
1737 1571 1918 1627 potest?

398 1629 466 1674 fr.
493 1629 617 1674 VIII
651 1629 737 1672 col.
762 1628 794 1672 I.
860 1628 1017 1684 agitur
1049 1629 1106 1672 de
1139 1628 1381 1672 stellarum
1411 1630 1555 1674 mobu.

400 1704 438 1731 v.
466 1692 491 1731 3
525 1689 622 1732 ἀλλ>
647 1689 690 1732 οἱ
716 1690 818 1743 μὲν.
840 1723 847 1731 .
869 1724 877 1732 .
900 1689 1132 1743 ,ἀλλήλοις
1163 1691 1473 1745 συναντῶσιν]
1507 1689 1587 1732 cfr.
1613 1689 1697 1745 Ep.
1733 1704 1803 1745 ep.
1830 1689 1873 1732 ΙΙ
1892 1695 1976 1732 114

278 1750 382 1792 τινὰ
423 1750 569 1803 ἄστρα
609 1749 951 1801 ὑπολειπόμενά
990 1763 1131 1791 τινων
1172 1752 1443 1803 θεωρεῖσθαι
1475 1749 1712 1803 συμβαίνει
1745 1752 1818 1792 καὶ
1849 1751 1975 1805 παρὰ

280 1809 335 1852 τὸ
364 1841 522 1851 ......
558 1810 630 1850 καὶ
662 1808 787 1861 παρὰ
818 1808 872 1850 τὸ
904 1809 992 1861 τὴν
1025 1808 1237 1851 ἐναντίαν
1270 1812 1491 1852 κινεῖσθαι
1523 1809 1851 1863 ἀντισπώμενα
1883 1810 1974 1852 ὑπὸ

281 1869 500 1921 τοιαύτης
540 1867 679 1921 δίνης.
744 1865 855 1909 luna
902 1868 949 1909 et
989 1865 1153 1910 stellae
1193 1866 1333 1921 fixae,
1382 1871 1433 1909 ut
1473 1866 1736 1923 exemplum
1769 1866 1975 1921 afferam,

285 1925 571 1970 contrarium
604 1939 789 1968 cursum
819 1927 977 1969 tenere
1009 1925 1238 1969 videntur.

400 1999 439 2027 v.
467 1990 505 2027 5.
556 1985 598 2028 οἱ
632 1986 714 2038 μὲν
753 1986 836 2028 τὸν
877 1986 1019 2040 ὀρθὸν
1060 1986 1148 2037 ἕως
1185 1987 1310 2038 τινὸς
1350 1990 1619 2040 περαιοῡσιν
1653 1987 1860 2042 δρόμον]
1895 1986 1975 2030 cfr.

282 2043 432 2087 Praef.
458 2059 502 2100 p.
529 2043 699 2086 XXXV
724 2070 778 2075 —
805 2045 893 2097 ἕως
915 2045 1053 2098 τινός,
1087 2044 1211 2100 quod
1246 2045 1305 2087 ad
1339 2046 1480 2099 ὀρθόν
1513 2044 1746 2100 pertinere
1780 2044 1976 2100 videtur,

286 2117 366 2146 cur
401 2103 529 2146 dicat
559 2102 731 2147 neseio.

394 2177 441 2211 v.
469 2166 491 2204 7
527 2163 663 2206 λοξὸν
696 2162 736 2206 δ’
768 2164 935 2218 ἕτεροι]
970 2162 1049 2206 cfr.
1076 2162 1159 2218 Ep.
1187 2176 1257 2218 ep.
1283 2162 1326 2206 Π
1352 2166 1406 2205 93
1432 2162 1528 2218 (Us.
1556 2178 1599 2219 p.
1619 2167 1708 2218 40),
1740 2163 1821 2206 ubi
1855 2178 1978 2208 eom-

285 2221 441 2278 plures
476 2221 573 2264 eius
605 2223 758 2265 motus
792 2235 953 2264 causas
985 2221 1178 2265 invenis.

403 2295 442 2324 v.
471 2284 495 2322 9
540 2281 582 2323 οἱ
622 2282 672 2324 δὲ
710 2282 795 2324 τὸν
827 2283 972 2324 αὐτοῦ
1007 2282 1176 2325 κύκλον
1208 2283 1326 2337 στρτ]
1361 2280 1440 2325 cfr.
1473 2281 1557 2337 Ep.
1592 2294 1662 2337 ep.
1697 2281 1739 2324 II
1765 2286 1848 2325 112
1882 2281 1976 2339 (Us.

285 2355 329 2395 p.
357 2343 427 2395 52,
455 2341 548 2395 13):
605 2341 709 2383 τινὰ
761 2342 909 2394 ἄστρα
960 2342 1241 2395 στρέφεσθαι
1285 2343 1429 2384 αὐτοῦ
1474 2341 1723 2395 συμβαίνει.
1804 2340 1979 2383 Usener

287 2398 462 2454 optime
503 2398 638 2441 afferi]
676 2398 808 2443 Hom.
834 2399 886 2442 Il.
921 2401 1077 2443 2488:
1128 2402 1298 2454 ἄρκτον
1324 2435 1483 2444 ......
1510 2403 1538 2454 ἥ
1578 2400 1620 2443 τ’
1659 2402 1803 2443 αὐτοῦ
1849 2402 1977 2455 στρέ-

288 2472 438 2512 φεται.

406 2531 447 2559 v.
477 2521 528 2559 11
580 2518 623 2560 οἱ
671 2519 752 2571 μὲν
800 2519 988 2572 ὑψηλὴν
1110 2518 1152 2561 οἱ
1199 2518 1240 2562 δ’
1279 2519 1336 2562 αὖ
1383 2518 1625 2572 ταπεινήν]
1674 2516 1753 2560 cfr.
1787 2517 1870 2573 Ep.
1905 2531 1976 2573 ep.

286 2574 328 2618 II
368 2580 450 2618 114
506 2577 650 2631 (asin-a
700 2575 902 2631 relinqui
952 2576 1186 2633 videntur)
1239 2581 1313 2621 καὶ
1365 2579 1491 2632 παρὰ
1542 2578 1596 2619 τὸ
1649 2579 1978 2631 περιφέρεσθαι

288 2636 346 2678 τὰ
395 2636 475 2688 μὲν
524 2636 597 2678 διὰ
643 2635 854 2688 πλείονος
890 2637 1060 2691 τόπου,
1108 2638 1167 2680 τὰ
1207 2638 1258 2680 δὲ
1297 2636 1355 2679 δι’
1394 2637 1658 2689 ἐλάττονος,
1699 2637 1787 2690 τὴν
1828 2638 1976 2691 αὐτὴν

292 2694 423 2747 δίνην
455 2697 832 2748 περικυκλοῦντα.

401 2751 487 2795 eol.
525 2751 566 2794 Π
608 2768 648 2796 v.
690 2758 727 2796 1.
806 2766 927 2808 quae
972 2753 1048 2796 hic
1105 2754 1162 2796 de
1210 2753 1319 2796 solis
1366 2753 1691 2809 magnitudine
1742 2752 1976 2809 dicuntur,

290 2810 480 2854 aliunde
513 2810 646 2854 nobis
678 2813 792 2856 nota
815 2826 908 2856 non
941 2814 1060 2855 sunia.
1110 2812 1355 2868 disputant
1387 2812 1445 2857 de
1476 2826 1532 2855 ea
1569 2825 1618 2856 re
1644 2811 1726 2868 Ep.
1762 2826 1832 2868 ep.
1858 2813 1881 2856 I
1905 2819 1976 2865 91,

290 2869 420 2913 Luer.
448 2870 488 2913 V
513 2874 599 2912 564
617 2885 715 2926 sqq.
770 2870 1046 2929 magnitudo
1071 2871 1194 2915 enim
1219 2871 1330 2915 solis
1363 2873 1410 2915 et
1441 2874 1699 2915 ceterarum
1723 2872 1978 2927 stellarum,
