2066 3146
948 101 1310 153 -92-

284 233 410 289 quod
440 239 538 285 τοῖς
568 233 890 287 καταστήμασι
922 231 1118 287 opponit
1156 233 1240 284 τὰς
1269 233 1453 287 πράξεις
1493 234 1547 288 (v.
1575 234 1720 289 4—6).
1783 247 1894 276 nam
1933 233 1978 277 si

286 292 404 335 dicit
435 305 483 335 se
514 304 737 346 quaerere
769 290 1001 345 quomodo
1026 289 1121 333 vita
1143 293 1304 334 nostra
1328 293 1376 334 et
1398 291 1447 334 in
1471 291 1545 334 his
1570 294 1617 335 et
1639 292 1690 334 in
1713 291 1809 335 illis
1833 292 1983 336 beata·
2054 303 2066 333 2

284 351 380 405 fiat,
413 350 608 393 dubium
639 364 733 393 non
765 352 849 402 est,
881 349 995 404 quin
1027 350 1363 404 καταστήματα
1400 351 1448 394 et
1477 352 1661 406 πράξεις
1700 351 1761 393 ad
1800 351 1897 394 otia
1929 353 1979 394 et
2052 356 2066 402 ,ι’

285 410 490 466 negotia,
516 409 677 464 qualia
700 409 750 451 in
773 409 874 451 vita
897 408 1138 451 hominum
1163 410 1361 463 exstant,
1385 409 1572 464 referat,
1597 424 1690 453 non
1715 410 1775 452 ad
1801 411 1976 454 statum
2058 411 2062 421 '

286 471 333 512 et
356 471 534 511 motum
560 469 704 511 animi
731 469 778 511 et
802 467 1021 523 corporis,
1053 468 1178 510 unde
1201 481 1362 511 revera
1387 468 1551 512 ambae
1575 468 1688 511 illae
1712 468 1981 524 voluptates·

285 541 453 571 nomen
487 528 779 582 acceperunt.

2055 431 2066 477 '.¹

404 602 442 628 v.
472 591 496 627 9
560 589 708 630 ἐκεῖνο
754 590 1008 641 τηροῦντες
1045 587 1100 629 τὸ
1142 587 1198 640 δή
1241 587 1330 642 ὅτι]
1362 586 1392 630 1.
1420 600 1457 630 0.
1494 589 1706 631 tenentes
1740 587 1986 630 decretum
2059 586 2064 587 ⁷

288 645 408 687 illud
440 645 667 701 magistri.
732 645 800 688 De
831 658 881 687 re
915 644 995 688 cfr.
1030 643 1122 688 Cic.
1157 646 1214 687 de
1246 645 1322 687 fin.
1347 645 1368 687 I
1403 651 1469 699 11,
1497 651 1550 688 37
1585 648 1638 689 in
1668 647 1792 689 omni
1822 659 1869 690 re
1900 645 1981 689 dc-
2064 663 2066 665 ·

287 706 395 748 loris
427 705 593 748 amotio
623 705 940 748 successionem
972 704 1111 758 efficit
1132 705 1378 760 voluptatis
1409 706 1457 747 et
1486 707 1651 761 postea
1682 719 1775 748 ‘non
1805 706 1983 759 placuit

289 765 496 819 Epicuro
527 763 725 807 medium
756 778 844 807 esse
868 764 1090 818 quzddam
1122 764 1241 807 mter
1272 765 1467 808 dolorem
1498 770 1540 809 et
1560 766 1846 820 voluptatem.

404 827 535 866 v.12
569 824 626 866 τὰ
658 823 852 880 ἥδοντα]
899 822 979 865 cfr.
1013 821 1161 865 Praef.
1194 837 1238 877 p.
1273 821 1475 867 XXXIII.
1538 838 1626 866 vox
1660 823 1785 879 apud
1809 821 1987 879 Epicu-
2040 804 2051 820 ’

287 896 390 924 111111
423 882 577 936 ipsum
610 882 817 924 nondum
848 881 1096 926 invenitur.

407 956 445 983 v.
491 945 543 982 13
594 942 991 996 ἀντιπαρέρχεται]
1044 942 1096 983 in
1150 941 1357 984 dolorum
1412 942 1556 985 locum
1609 942 1854 986 succedunt
1905 954 1982 985 vo-

290 1001 496 1055 luptates.
562 1014 647 1043 vox
687 1002 1100 1055 ἀντιπαρέρχεσθαι
1139 1000 1261 1043 hanc
1299 999 1395 1043 vim
1435 999 1549 1043 alibi
1588 1000 1758 1043 habere
1790 1014 1883 1043 non
1911 1000 1987 1042 vi·-

291 1059 439 1101 detur.

405 1134 447 1161 v.
476 1124 530 1162 14
551 1133 648 1173 sqq
689 1121 748 1163 τὰ
789 1120 872 1162 οὖν
914 1120 1142 1173 ὀχλοῦντα
1184 1121 1272 1172 τὴν
1311 1121 1468 1173 ψυχὴν
1507 1119 1610 1162 τίνα
1642 1119 1786 1173 ἐστίνς
1843 1120 1986 1173 φόβοι

407 1181 432 1222 ὁ
467 1180 548 1232 μὲν
582 1180 632 1222 ἐκ
664 1183 799 1233 θεῶν,
833 1181 858 1222 ὁ
893 1179 934 1221 δ’
957 1179 1049 1221 ἀπὸ
1082 1179 1300 1232 θανάτου,
1335 1180 1360 1222 ὁ
1394 1178 1435 1221 δ’
1459 1178 1538 1222 ἀπ’
1569 1179 1856 1232 ἀλγηδόνων,
1891 1179 1986 1221 ἑπι-

290 1238 441 1290 θυμία.
507 1237 586 1280 cfr.
629 1238 710 1292 qui
744 1253 770 1279 a
803 1237 1037 1293 Torquato
1069 1237 1298 1305 Epicureo
1339 1237 1464 1292 apud
1505 1235 1771 1280 Ciceronem
1811 1237 1866 1279 de
1906 1235 1990 1279 fin

289 1296 310 1338 I
330 1300 399 1348 18
419 1301 473 1338 59
501 1299 828 1340 enumerentur
857 1296 1007 1339 morbi
1034 1297 1198 1341 animi:
1233 1296 1517 1352 cupiditates
1541 1297 1809 1350 immensae,
1836 1295 1987 1352 aegri-

287 1355 475 1398 tudines
494 1356 735 1399 hominum
751 1370 844 1399 non
868 1355 1247 1413 intellegentium
1270 1355 1390 1398 nihil
1415 1355 1666 1398 dolendum
1691 1370 1788 1398 esse
1815 1355 1991 1409 animo

289 1415 414 1469 quod
448 1415 508 1457 sit
541 1430 568 1458 a
601 1415 757 1458 dolore
791 1415 996 1471 corporis
1019 1415 1257 1470 praesenti
1281 1415 1494 1458 futurove
1522 1414 1783 1457 seiunctum
1808 1416 1880 1470 (=
1900 1415 1990 1469 φό-

291 1477 370 1528 βος
401 1474 480 1517 ἀπ’
511 1476 821 1530 ἀλγηδόνων),
854 1475 994 1518 timor
1025 1475 1202 1528 mortis,
1239 1475 1522 1531 superstitio.
1571 1488 1758 1531 prorsus
1791 1473 1987 1516 eandem

289 1533 595 1588 partitionem
625 1533 948 1578 molestiarum
992 1534 1136 1576 animi
1169 1533 1314 1576 habes
1347 1533 1489 1576 etiam
1521 1533 1650 1589 Epic.
1686 1548 1784 1588 κυρ.
1819 1534 1911 1578 δόξ.
1945 1531 1986 1575 Χ

293 1592 329 1636 εἰ
361 1594 420 1636 τὰ
451 1596 667 1648 ποιητικὰ
705 1599 802 1637 τῶν
842 1597 944 1649 περὶ
983 1595 1095 1646 τοὺς
1134 1595 1348 1646 ἀσώτους
1393 1595 1580 1647 ἡδονῶν
1626 1594 1727 1636 ἔλυε
1761 1594 1869 1644 τοὺς
1900 1593 1987 1646 φό-

293 1656 402 1706 βους
431 1656 516 1707 τῆς
556 1654 758 1706 διανοίας
795 1655 906 1705 τούς
944 1668 995 1696 τε
1033 1655 1136 1708 περὶ
1182 1655 1428 1707 μετεώρων
1462 1655 1535 1696 καὶ
1567 1653 1771 1696 Θανάτου
1805 1653 1881 1694 καὶ
1911 1652 1987 1694 ἀλ-

291 1712 522 1766 γηδόνων,
557 1714 623 1756 ἔτι
654 1727 705 1756 τε
737 1714 792 1755 τὸ
824 1714 968 1767 πέρας
996 1717 1094 1756 τῶν
1119 1713 1371 1766 ἐπιθυμιῶν
1397 1712 1649 1765 ἐδίδασκεν,
1684 1712 1768 1754 οὐκ
1793 1712 1848 1754 ἄν
1873 1724 1989 1753 ποτε

292 1771 474 1824 εἴχομεν
523 1773 593 1814 ὅτι
638 1773 940 1825 ἐμεμψάμεθα
984 1773 1153 1824 αὐτοῖς.
1226 1770 1305 1814 cfr.
1348 1770 1623 1815 etiamVol.
1656 1770 1788 1813 Herc.
1832 1768 1934 1813 coll.
1967 1768 1991 1812 Ι

293 1832 403 1872 tom.
437 1829 500 1872 III
549 1830 632 1874 col.
674 1830 823 1874 XXIV
848 1835 872 1872 3
893 1846 990 1886 sqq.
1040 1832 1152 1887 κα[ἰ]
1199 1830 1377 1888 πάλ[ι]ν
1426 1829 1754 1887 ἑκστατ[ι]κ[ὴ]
1805 1827 1998 1886 [φ]ρίκη,

293 1893 415 1932 θεῶν
449 1889 563 1947 [κ]αὶ
595 1891 799 1934 θανάτου
842 1893 915 1933 καὶ
948 1890 1263 1948 [ἀλ]γηδόνων
1296 1892 1370 1933 καὶ
1400 1894 1497 1933 τῶν
1529 1891 1701 1941 ταύτας
1730 1900 1994 1942 παρασκευ-

294 1949 418 1992 άζειν
452 1951 732 2003 δοξαμένων.
797 1950 940 1992 etiam
981 1949 1106 2004 apud
1145 1948 1367 2005 Porphyr.
1403 1948 1461 1991 ad
1494 1948 1634 1991 Marc.
1670 1952 1724 1989 29
1763 1962 1807 2002 p.
1844 1950 1989 2000 293‚4

294 2007 363 2049 od.
398 2006 588 2050 Nauck2
619 2008 714 2065 (Us,
741 2008 796 2051 fr.
822 2010 926 2065 485)
966 2008 1087 2051 hanc
1128 2007 1377 2050 effectuum
1418 2007 1813 2050 enumerationem
1843 2005 1994 2048 habes

293 2066 567 2122 bipertitam
601 2071 628 2122 ἢ
661 2070 750 2123 γὰρ
783 2069 857 2112 διὰ
889 2069 1040 2123 φόβον
1071 2083 1140 2120 τις
1170 2069 1493 2121 κακοδαιμονεῑ
1523 2069 1552 2121 ἢ
1587 2066 1645 2109 δι’
1668 2067 1884 2120 ἀόριστον
1916 2067 1995 2108 καὶ

297 2129 437 2180 κενὴν
470 2128 727 2182 ἐπιθυμίαν.

445 2185 690 2241 Sequentis
724 2186 1058 2242 disputationis
1089 2185 1310 2242 pleraque
1342 2185 1594 2241 perierunt,
1629 2184 1709 2227 sed
1739 2182 1993 2227 verisimile

296 2247 367 2286 est
401 2245 674 2300 scriptorem
714 2246 769 2288 de
809 2248 939 2288 metu
980 2246 1171 2289 deorum
1202 2244 1321 2288 talia
1360 2244 1531 2287 dixisse
1571 2242 1732 2298 qualia
1762 2241 1994 2296 Epicurus

297 2318 395 2358 κυρ.
431 2306 522 2348 δόξ.
560 2311 581 2347 1
618 2307 665 2348 et
697 2304 832 2359 alibi,
884 2305 992 2348 deos
1036 2319 1184 2359 neque
1224 2305 1451 2347 mundum
1485 2303 1809 2346 administrare
1841 2314 1992 2355 neque

298 2362 484 2406 omnino
516 2364 729 2406 homines
763 2378 944 2418 curare,
990 2378 1094 2407 cum
1126 2364 1317 2406 minime
1351 2362 1520 2405 debeat
1551 2361 1710 2418 putari
1741 2374 1816 2403 eos
1849 2361 1992 2414 πράγ-

299 2436 418 2474 ματα
452 2425 593 2476 ἔχειν,
627 2423 682 2465 de
715 2426 843 2466 metu
875 2424 1039 2467 mortis
1070 2423 1189 2466 talia
1213 2422 1373 2477 qualia
1395 2420 1696 2465 inveniuntur
1720 2434 1817 2475 κυρ.
1837 2421 1929 2462 δόξ.
1950 2423 1989 2470 2,

299 2481 354 2522 de
394 2485 522 2524 metu
563 2482 774 2526 dolorum
814 2482 974 2538 qualia
1013 2497 1111 2537 κυρ.
1139 2484 1232 2526 δόξ.
1266 2487 1314 2536 4,
1363 2482 1418 2524 de
1461 2478 1799 2536 cupiditatibus
1831 2477 1992 2532 qualia

299 2554 396 2594 κυρ.
424 2542 516 2585 δόξ.
544 2547 584 2596 3,
611 2546 666 2584 30
700 2541 828 2585 alibi.

421 2599 504 2641 col.
531 2600 574 2642 II
603 2615 645 2643 v.
682 2605 706 2643 9
741 2602 895 2659 αὗται]
929 2599 1027 2644 scil.
1061 2602 1202 2656 φόβοι
1235 2603 1308 2643 καὶ
1341 2599 1568 2653 ἐπιθυμία.

421 2719 488 2763 fr
522 2718 674 2763 XXX
722 2720 879 2776 agitur
925 2719 980 2761 de
1027 2720 1157 2761 metu
1205 2718 1406 2760 deorum.
1487 2717 1576 2758 duo
1624 2729 1796 2772 genera
1840 2716 1991 2756 metus

301 2779 640 2831 discernuntur,
679 2781 832 2821 metus
865 2777 1142 2833 explanatus
1175 2778 1573 2833 (τετρανωμένος),
1606 2788 1696 2829 quo
1730 2773 1886 2816 affecti
1919 2787 1992 2815 su-

300 2852 417 2893 mus,
451 2838 488 2880 si
521 2852 617 2880 rem
649 2837 801 2892 ipsam
828 2839 875 2880 et
899 2851 1102 2890 causam,
1135 2850 1215 2879 cur
1240 2850 1342 2878 eam
1367 2837 1630 2889 timeamus,
1661 2833 1799 2890 plane
1826 2844 1993 2898 cogno-

300 2897 464 2950 vimus,
499 2901 544 2939 et
575 2899 727 2939 metus
759 2910 851 2939 non
885 2895 1162 2951 explanatus
1195 2896 1520 2951 (ἀτράνωτος)
1571 2892 1651 2948 qui
1683 2891 1763 2934 ille
1796 2905 1894 2935 esse
1924 2889 1993 2934 vi-
