2066 3146
0 1397 11 1430 ’ἾΡ
0 1275 15 1386 *ww—'u
0 1222 7 1269 -v-
0 1166 7 1208 '⁷‘

136 234 293 274 κακῶν
325 230 499 285 (πέρας)
532 263 542 273 .
562 265 599 273 ..
631 232 659 284 ἢ
693 231 891 284 χρόνους
916 231 945 284 ἢ
970 231 1144 281 πόνους
1175 231 1267 283 ἔχει
1300 228 1508 284 βραχεῑςς
1559 228 1638 272 cfr.
1682 229 1824 272 etiam

136 287 292 332 Senec.
328 287 439 332 dial.
471 287 493 330 Ι
531 292 571 340 6,
598 292 624 330 6
655 289 923 333 contemnite
951 288 1168 333 dolorem:
1217 294 1301 332 aut
1337 288 1532 332 solvetur
1563 295 1645 332 aut
1674 289 1824 341 solvet,

135 360 207 403 ep.
236 351 290 390 78
325 353 349 401 g
377 352 399 390 7
434 350 482 390 et
514 352 584 401 17,
615 346 788 391 Wotkc
818 346 848 390 l.
876 360 914 391 c.
940 361 973 390 s.
1007 352 1048 402 4,
1080 346 1157 390 Us.
1183 347 1237 391 fr.
1264 351 1350 390 446
1367 361 1468 402 sqq.

157 421 160 427 ¹
251 420 292 448 v.
322 406 406 465 ’ΠΒ
467 407 714 462 ὑφαίρεσιν
745 402 1005 461 λαμβάνεινζ
1067 405 1244 450 talibus
1275 405 1591 450 locutionibus
1623 404 1825 449 libenter

133 463 362 521 Epicurus
394 464 557 519 utitur,
604 468 658 508 ut
688 467 819 510 λύσιν
851 467 1111 521 λαμβάνειν,
1155 468 1367 521 ταραχὴν
1392 468 1551 521 ,λαμβ.,
1600 467 1824 519 σύγχυσιν

133 526 288 579 λαμβ.,
322 525 522 579 κινήσεις
551 528 682 579 λαμβ.
718 523 836 568 aliis.

250 629 318 673 fr.
344 628 462 672 LIX
502 633 696 672 ν.1-4.
769 628 1085 684 cupiditatum
1124 628 1241 672 haec
1280 628 1372 672 duo
1411 642 1584 685 genera
1614 630 1825 685 (φυσικαὶ

132 691 208 732 καὶ
238 689 382 744 κεναὶ)
425 687 570 731 habes
633 687 760 743 apud
791 686 875 743 Ep.
913 701 983 743 ep.
1009 686 1075 730 111
1106 692 1189 731 127
1235 687 1345 743 (tria
1387 690 1544 731 autem
1588 702 1686 743 κυρ.
1727 689 1821 732 δόξ.

131 746 279 790 ΧΧΙΧ
303 750 495 803 φυσικαὶ
519 750 594 791 καὶ
619 749 874 801 ἀναγκαῖαι,
909 749 1101 802 φυσικαὶ
1127 749 1209 800 μὲν
1233 747 1321 792 οὐκ
1344 748 1590 800 ἀναγκαῖαι
1614 749 1678 802 δέ,
1712 748 1823 791 οὔτε

131 809 323 863 φυσικαὶ
366 807 477 851 οὔτε
520 808 799 862 ἀναγκαῖαι),
846 805 1084 849 naturales
1128 808 1286 850 autem
1330 805 1614 862 cupiditates
1652 806 1824 848 iterum

130 864 405 909 dividuntur
434 865 482 908 in
523 865 809 909 necessarias
841 867 890 908 et
919 867 1103 908 tantum
1135 865 1354 922 physicas
1387 865 1432 921 (i.
1459 878 1496 908 e.
1542 878 1633 908 non
1666 878 1823 909 neces-

130 925 307 982 sarias).
341 951 396 958 —
431 925 669 969 antecedit
698 924 894 968 fortasse
926 927 994 970 δεῖ
1025 926 1353 982 κατανοῆ]σαι.

247 998 288 1028 v.
314 988 340 1027 9
372 986 598 1037 διαθέσεις
628 983 708 1028 cfr.
742 984 801 1027 ad
834 983 888 1027 fr.
914 983 1036 1027 LVII
1067 999 1107 1029 v.
1133 988 1175 1029 2.

248 1088 318 1132 fr.
346 1087 431 1131 Lx
494 1087 757 1145 exemplum
804 1087 927 1131 vasis
974 1088 1118 1132 etiam
1158 1088 1285 1144 apud
1316 1085 1448 1131 Lucr.
1481 1087 1547 1130 m
1593 1093 1678 1131 936
1697 1103 1821 1144 sqq.‚

130 1150 245 1190 1003
261 1161 382 1203 sqq.,
417 1147 480 1191 VI
500 1153 566 1191 16.
631 1161 815 1204 semper
835 1147 974 1191 homo
999 1147 1074 1191 vel
1097 1147 1278 1191 animus
1302 1147 1402 1191 eius
1428 1161 1534 1191 cum
1558 1160 1665 1191 vase
1697 1161 1821 1191 00111-

126 1209 334 1262 paratur.
391 1206 459 1251 sic
489 1205 567 1250 hic
598 1220 784 1263 quoque
815 1206 1043 1263 supplevi.
1098 1208 1260 1251 contra
1290 1213 1491 1262 περιρεῖν
1524 1209 1696 1252 ἔξωθεν
1727 1207 1819 1250 nisi

127 1265 186 1308 de
210 1266 404 1310 humore
429 1265 741 1322 superfluente
765 1265 859 1310 dici
883 1279 977 1309 non
999 1279 1136 1323 posse
1152 1264 1350 1309 videtur.
1370 1292 1427 1298 —
1444 1281 1485 1310 v.
1504 1270 1532 1308 4
1555 1267 1820 1323 ἀμφότερα]

127 1324 309 1379 scilicet
339 1327 365 1369 ό
394 1327 520 1381 παρὰ
550 1328 640 1381 τήν
672 1328 815 1382 φύσιν
853 1328 1054 1378 πλοῦτος
1095 1327 1144 1369 et
1174 1326 1316 1380 ὕδωρ.
1380 1325 1441 1368 ad
1466 1325 1746 1369 sententiam
1777 1341 1818 1369 v.

129 1388 242 1427 1—6
276 1383 357 1428 cfr.
383 1399 482 1440 κυρ.
508 1387 602 1430 δόξ.
627 1384 711 1445 XV
751 1387 777 1429 ὁ
808 1389 893 1440 τῆς
932 1387 1122 1440 φύσεως
1158 1388 1361 1438 πλοῦτος
1399 1387 1474 1429 καὶ
1513 1386 1705 1440 ὥρισται
1744 1389 1820 1430 καὶ

126 1445 403 1499 εὐπόριστός
433 1445 579 1489 ἐστιν·
629 1447 655 1488 ό
688 1446 740 1489 δὲ
769 1449 866 1489 τῶν
906 1448 1057 1488 κενῶν
1088 1446 1239 1490 δοξῶν
1271 1444 1334 1496 εἰς
1372 1445 1564 1500 ἄπειρον
1597 1445 1817 1488 ἐκπίπτει.

127 1506 131 1509 ⁴
244 1517 283 1546 v.
312 1503 428 1561 9s10
459 1502 660 1558 ἥδεσθαι
685 1504 1036 1560 καθαρώτερον]
1065 1505 1216 1558 ἡδονὴ
1249 1505 1511 1559 ἀκάθαρτος
1540 1502 1715 1560 legitur
1739 1503 1816 1547 Ue.

124 1560 177 1604 fr.
205 1566 292 1604 416
336 1564 398 1619 (p.
425 1566 526 1617 356,
551 1565 624 1619 25)
666 1562 746 1606 cfr.
781 1562 871 1606 Cic.
915 1562 972 1606 de
1011 1562 1089 1605 fin.
1121 1562 1142 1605 Ι
1181 1568 1205 1616 5
1231 1567 1288 1606 58
1332 1562 1532 1619 liquidae
1569 1563 1820 1619 voluptatis

41 1626 45 1631 '
123 1627 165 1665 et
195 1621 506 1676 liberae‚Lucr.
532 1622 597 1665 III
621 1626 678 1666 40
709 1622 982 1679 voluptatem
1013 1623 1238 1678 liquidam
1260 1636 1530 1678 puramque.
1585 1620 1818 1678 imprlmis

123 1683 413 1724 autem'tam
444 1681 503 1724 ad
534 1681 659 1725 hunc
691 1681 878 1726 dicendi
902 1695 1078 1725 morem
1102 1695 1244 1737 quam
1268 1681 1329 1724 ad
1353 1683 1503 1725 totam
1535 1680 1819 1725 sententiam

124 1738 459 1784 conferendum
491 1743 566 1785 est
594 1741 719 1795 quod
742 1740 917 1798 legitur
938 1738 1042 1784 Vol.
1068 1740 1203 1784 Herc.
1230 1740 1334 1784 coll.
1359 1739 1380 1783 I
1411 1743 1510 1784 tom
1532 1739 1597 1783 111
1628 1739 1714 1784 col.
1731 1738 1820 1784 XV

123 1803 179 1842 37
198 1812 298 1854 sqq.
360 1804 502 1845 τοῦτο
533 1801 623 1856 γὰρ
655 1802 799 1845 δεῖται
831 1806 979 1845 ποιεῖν
1010 1802 1098 1855 τὴν
1130 1799 1287 1856 χρείαν
1318 1801 1511 1856 ἄλυπον,
1548 1803 1623 1844 καὶ
1652 1802 1708 1844 τὸ
1741 1800 1817 1844 διὰ

120 1860 298 1914 ταύτης
326 1860 536 1915 τέρπον
568 1860 857 1915 ἀκέραιον,
889 1862 944 1904 τὸ
971 1862 1031 1914 μὴ
1057 1865 1297 1915 προσεῖναι
1327 1865 1385 1916 τῇ
1418 1860 1624 1904 πλούτου
1657 1859 1817 1913 κτήσει

120 1923 218 1970 τοῖς
249 1924 416 1973 σοφοῖς
446 1919 678 1974 φροντίδα
709 1919 911 1975 βαρείαν,
942 1923 1043 1972 πῶς
1074 1920 1323 1973 δυνήσεται
1356 1921 1605 1975 σῴζεσθαι.

241 2021 309 2066 fr.
335 2021 453 2065 LXI
483 2036 525 2065 v.
552 2026 690 2078 Ssqq.
746 2021 864 2067 Heb.
896 2025 945 2066 et
967 2021 1069 2066 Kal.
1103 2023 1172 2064 ita
1204 2021 1437 2079 supplent,
1469 2024 1524 2065 ut
1545 2021 1815 2066 hominibus

120 2078 171 2122 in
203 2080 305 2136 ipso
339 2080 498 2125 dolore
530 2081 956 2138 ingemescentibus
988 2084 1287 2138 opponantur
1318 2080 1375 2133 ei,
1408 2080 1488 2135 qui
1529 2079 1687 2124 dolore
1718 2083 1815 2125 iam

120 2141 299 2183 remoto
322 2143 488 2196 postea
510 2143 768 2196 queruntur
791 2143 839 2185 et
861 2141 1191 2185 lamentantur.
1245 2139 1391 2184 talem
1423 2139 1814 2196 significationem

120 2211 207 2242 vox
246 2200 510 2255 ἐπιθρηνεῖν
549 2214 831 2256 quamquam
870 2200 1043 2245 habere
1058 2202 1279 2269 μισηθείς,
1326 2203 1485 2243 tamen
1523 2199 1814 2256 probabilius

120 2269 223 2301 esse
252 2258 370 2301 mihi
402 2259 599 2314 videtur,
630 2259 828 2316 gemitui
861 2262 918 2316 (v.
945 2262 988 2317 2)
1019 2258 1097 2302 1110
1129 2259 1303 2316 opponi
1335 2258 1515 2301 luctum
1546 2260 1594 2302 et
1635 2259 1812 2303 lamen-

119 2316 362 2373 tationem,
395 2331 516 2373 quae
578 2318 628 2361 in
659 2318 762 2375 ipso
795 2318 955 2363 dolore
986 2317 1116 2363 fiunt.
1182 2316 1310 2371 Quae
1346 2317 1491 2362 etiam
1523 2319 1651 2375 apud
1683 2318 1813 2363 Cice-

119 2388 279 2420 ronem
304 2376 437 2420 Tusc.
455 2376 498 2420 H
529 2382 553 2431 g
571 2383 630 2421 55
660 2378 859 2436 gemitui
884 2377 1104 2435 opposita
1127 2390 1227 2421 esse
1253 2377 1482 2421 videmus:
1523 2378 1813 2435 inyemescere

117 2448 461 2492 nonnumquam
485 2438 583 2481 viro
607 2451 861 2483 eoncessum
884 2444 960 2491 est,
993 2438 1126 2494 idqne
1157 2451 1287 2491 raro,
1318 2436 1516 2480 eiulatus
1547 2451 1603 2481 ne
1627 2439 1812 2482 mulieri

118 2495 299 2548 quidem
330 2495 429 2552 (cfr.
465 2502 490 2550 ἓ
515 2498 604 2552 57).

236 2597 305 2644 fr.
328 2599 476 2644 LXII
535 2600 624 2644 1100
656 2600 993 2658 fragmentum,
1034 2601 1109 2646 cui
1142 2600 1292 2644 simile
1325 2604 1398 2646 est
1439 2600 1492 2644 fr.
1518 2601 1560 2644 H
1591 2600 1665 2644 001
1688 2601 1729 2643 V
1762 2603 1811 2644 et

115 2656 170 2700 fr.
196 2655 347 2702 XXIV
377 2658 462 2703 col.
488 2658 511 2702 Ι
556 2663 604 2704 et
634 2659 690 2714 Π,
737 2673 793 2703 ex
825 2674 971 2705 novae
1004 2661 1283 2717 scriptorum
1329 2660 1466 2705 seriei
1512 2659 1808 2717 praefatione

115 2727 219 2760 esse
255 2718 392 2773 puto,
437 2732 532 2774 qua
564 2719 763 2775 scriptor
799 2720 1030 2764 rationem
1070 2719 1257 2774 reddat,
1298 2733 1380 2764 cur
1418 2719 1534 2763 haec
1573 2719 1807 2776 prioribus
1857 2751 1861 2753 -

115 2774 302 2831 scriptis
334 2776 480 2821 addat
513 2778 612 2834 (cfr.
636 2777 789 2822 Praef.
819 2794 864 2835 p.
890 2778 1070 2836 XVIII).

231 2848 274 2879 v.
300 2841 323 2878 1
359 2837 599 2882 antecedit
629 2837 829 2882 fortasse
858 2841 975 2894 πρὸς
998 2841 1109 2891 τοὺς
1136 2838 1393 2894 φρονίμους
1425 2843 1521 2883 τῶν
1547 2838 1609 2890 εἰς
1631 2840 1811 2890 τόπους

111 2893 331 2950 rothen<
361 2898 453 2940 κτλ.

1480 2971 1535 3013 7*
