2066 3146
3 2502 22 2871 “uro—amuq-‘u—„q
9 2467 16 2473 r
14 2363 19 2371 ⁴
7 2315 12 2326 -

716 79 1141 123 „xxxm-

189 222 438 271 Judaeum
485 224 535 268 et
580 222 704 268 alios
753 222 1017 281 scriptores
1055 219 1276 282 vulgaris
1317 221 1578 279 sermonis,
1624 222 1682 267 ut
1717 221 1771 267 in

189 297 286 343 NT
326 296 455 344 Acta
491 295 666 356 Apost.
710 295 757 354 3,
786 296 830 341 7.

77 368 437 431 διαβαίνειν
478 365 556 428 εἴς
596 381 715 416 τινα
753 383 843 430 pro
885 364 1082 428 διήκειν
1123 361 1391 434 (pertinere
1430 368 1497 416 ad
1535 360 1769 433 aliquem)

188 445 246 492 fr.
272 444 323 492 H
363 444 454 491 col.
478 442 523 488 V
550 444 597 490 9.
674 443 760 490 cfr.
800 441 870 488 ibi
910 442 1296 489 adnotationem.

78 515 524 578 ἐλαχιστιαῖος
556 517 615 563 fn
639 516 692 563 H
723 516 813 563 col.
839 516 911 563 VI
939 518 1019 563 12.
1060 516 1121 563 de
1144 515 1349 564 vocibus
1376 517 1429 563 in
1456 516 1620 576 -ιαῖος
1645 516 1770 564 desi-

188 591 435 651 nentibus,
460 607 670 652 quarum
694 594 862 638 tamen
888 591 1038 652 stirps
1064 591 1285 638 vocalem
1319 605 1334 638 1
1366 606 1464 638 non
1487 589 1652 650 habet,
1683 591 1769 637 cfr.

188 667 471 727 Mayserum
506 664 727 713 Gramm.
753 665 797 712 d.
819 665 993 724 qriech.
1019 665 1141 723 Pap.
1168 666 1212 712 cl.
1237 664 1547 713 Ptolemderz.
1571 681 1619 726 p.
1646 664 1769 726 448,

188 740 276 802 qui
300 739 556 801 complura
581 739 807 800 exempla
823 738 1053 786 vocabuli
1070 737 1327 799 μηνιαῑος,
1347 737 1479 799 quod
1495 738 1648 787 semel
1669 740 1771 786 iam

188 814 250 861 ab
282 813 528 874 Aeschylo
569 812 833 860 adhibetur
874 811 1043 874 Suppl.
1079 813 1200 873 226,
1237 827 1293 860 ex
1325 814 1530 874 papyris
1563 812 1771 860 collecta

188 891 458 947 enumerat,
485 891 534 935 et
559 887 865 934 Schmidium
888 886 977 934 1.ο.
1000 887 1074 934 IV
1098 904 1144 948 p.
1176 888 1301 947 700,
1336 887 1422 948 qui
1456 903 1513 934 ex
1544 886 1769 934 Luciano

188 964 332 1010 notat
356 961 599 1009 vocabula
634 958 1036 1021 ἑπταμηνιαῖος,
1071 960 1440 1020 κολοσσιαῖος,
1473 961 1768 1020 κυαμιαῖος.

84 1083 87 1085 Α
188 1036 283 1083 hoc
321 1039 490 1084 tamen
522 1035 727 1083 verbum
761 1032 1123 1095 ἐλαχιστιαῖος
1158 1052 1182 1083 e
1216 1035 1521 1096 superlativo
1554 1034 1771 1083 derivari

190 1111 342 1157 etiam
366 1111 526 1173 magis
551 1111 733 1157 mirum
762 1112 858 1169 est,
899 1125 1205 1171 quamquam
1239 1109 1542 1157 considerari
1575 1111 1771 1170 oportet

186 1185 543 1245 posterioribus
590 1183 895 1245 temporibus
951 1185 1086 1232 vocis
1139 1180 1426 1243 ἐλάχιστος
1473 1184 1771 1245 superlativi

185 1260 289 1305 vim
330 1258 451 1306 adeo
492 1259 771 1317 evanuisse,
809 1260 867 1304 ut
906 1273 963 1304 ex
1005 1273 1062 1304 ea
1102 1258 1471 1320 comparativus
1512 1259 1564 1304 et
1602 1273 1770 1319 super-

185 1333 374 1380 lativus
416 1328 852 1392 ἐλαχιστότερος,
895 1328 1316 1391 ἐλαχιστότατος
1356 1331 1679 1380 derivaretur.
1712 1360 1717 1368 ι

77 1402 498 1466 ἐξοφθάλμως
538 1407 596 1453 fr.
620 1405 834 1453 XXXVI
866 1405 955 1453 col.
980 1405 1032 1453 II
1060 1407 1140 1454 13.
1200 1406 1333 1468 apud
1366 1405 1643 1466 Platonem,
1672 1406 1769 1452 Xe-

185 1480 503 1541 nophontem,
538 1480 862 1527 Aristotelem
895 1477 1236 1541 ἐξόφθαλμος
1278 1480 1562 1542 appellatur
1590 1481 1650 1540 is,
1683 1481 1770 1542 qui

187 1555 354 1602 oculos
385 1554 723 1616 prominentes
754 1553 917 1601 habet.
980 1554 1108 1602 hanc
1146 1557 1314 1603 tamen
1355 1553 1770 1619 significationem

184 1630 476 1688 manifestus
515 1645 614 1676 non
645 1626 797 1676 habet
827 1628 927 1676 nisi
958 1628 1091 1690 apud
1122 1629 1390 1690 Polybium
1425 1633 1472 1689 1,
1500 1630 1583 1688 10,
1609 1629 1640 1675 3
1681 1624 1770 1676 διὰ

184 1699 248 1750 τὸ
273 1702 452 1751 δοκεῖν
478 1699 821 1764 ἐξόφθαλμον
847 1697 982 1750 εἶναι
1006 1700 1104 1762 τὴν
1131 1698 1356 1762 ἀλογίαν
1382 1702 1476 1762 τῆς
1505 1699 1767 1763 βοηθείας.

75 1773 365 1837 ἐπαίρειν
407 1773 602 1826 ἑαυτὸν
646 1774 731 1825 ἐπί
770 1790 871 1825 τινι
911 1777 970 1824 fr.
995 1776 1156 1824 LXIV
1189 1778 1279 1825 col.
1305 1776 1331 1823 I
1356 1778 1386 1824 8
1427 1776 1578 1825 habet
1616 1776 1768 1840 signi-

184 1850 466 1898 ficationem
514 1848 730 1912 em'yendi
784 1854 839 1898 ut
883 1851 1003 1898 bono
1058 1853 1221 1899 animo
1267 1853 1337 1899 sis
1382 1851 1440 1898 de
1487 1852 1656 1910 aliqua
1700 1865 1768 1911 re,

186 1924 402 1985 θαρρεῖν
451 1921 608 1974 ἕνεκά
656 1938 818 1984 τινος.
897 1925 1030 1986 apud
1076 1925 1203 1973 alios
1251 1926 1515 1987 scriptores
1555 1941 1655 1972 non
1691 1925 1767 1972 in-

185 1998 383 2046 venitur
420 2001 470 2046 et
510 1996 824 2060 ἐπαίρεσθαι
863 1999 1000 2046 aliud
1040 1999 1301 2062 significat.

75 2068 420 2132 ἐφιστάναι
468 2071 568 2122 τινί
607 2074 666 2120 fr.
699 2072 862 2120 XXIV
901 2074 992 2121 col.
1018 2072 1095 2120 III
1130 2075 1199 2120 10
1239 2075 1460 2121 animum
1498 2076 1768 2121 convertere

187 2148 237 2193 e'n
276 2147 475 2205 aliqmd.
555 2144 842 2206 ἐπιστῆσαι
890 2147 1117 2195 absolute
1164 2147 1355 2195 dictum
1397 2163 1454 2194 ex
1494 2147 1767 2195 Aristotele

186 2235 332 2281 saepe
394 2223 537 2268 notat
591 2221 792 2281 Bonitz,
854 2221 1006 2269 semel
1060 2221 1212 2268 etiam
1274 2237 1385 2269 cum
1439 2221 1610 2270 dativo
1665 2218 1767 2269 τινί

184 2293 484 2342 Pseudarist.
533 2310 585 2343 π.
638 2292 845 2356 κόσμου
898 2299 924 2343 1
974 2312 1021 2356 p.
1065 2297 1212 2343 391a
1249 2297 1333 2345 26.
1408 2294 1765 2356 posterioribus

184 2368 488 2429 temporibus
527 2385 624 2416 non
665 2369 881 2417 insolens
920 2373 1007 2418 est.

74 2437 204 2499 ἥδω
244 2442 303 2489 fr.
329 2442 491 2490 XXIX
531 2443 621 2491 col.
647 2442 671 2489 I
701 2445 782 2491 13.
859 2458 954 2491 vox
994 2443 1127 2505 apud
1166 2444 1429 2505 scriptores
1476 2444 1765 2505 posterioris

184 2518 364 2563 aetatis
403 2532 502 2564 non
540 2518 805 2575 inusitata,
844 2520 903 2564 ut
941 2518 1074 2579 apud
1104 2517 1408 2579 Musonium,
1447 2516 1764 2580 Pseudoplat.

183 2590 474 2650 Axiochum,
490 2591 770 2651 Aelianum,
789 2589 938 2638 Clem.
956 2590 1113 2651 Alex„
1129 2591 1269 2652 alios,
1286 2591 1347 2639 cf.
1364 2592 1442 2638 W.
1457 2590 1766 2640 Schmidium

187 2663 219 2709 l.
245 2679 282 2711 c.
324 2663 399 2711 III
430 2681 476 2726 p.
511 2667 630 2713 200.
686 2668 812 2713 teste
843 2665 1044 2714 Polluce
1076 2663 1151 2713 III
1179 2666 1246 2713 98
1287 2665 1492 2713 verbum
1532 2665 1594 2713 ab
1631 2665 1756 2713 Ioni·

183 2736 289 2797 bus,
328 2739 574 2800 imprimis
615 2738 677 2787 ab
715 2740 1026 2787 Anacreonte
1065 2741 1361 2800 usurpatum
1400 2742 1487 2787 est.

74 2807 387 2872 θνητότης
441 2814 712 2861 mortalitas
767 2815 825 2860 fr.
866 2812 1031 2861 LXII]
1085 2813 1175 2861 col.
1207 2813 1279 2860 IV
1313 2816 1344 2861 4
1383 2816 1444 2861 'et
1489 2814 1547 2860 fr.
1579 2812 1765 2860 XXXV

184 2884 274 2931 col.
298 2885 377 2932 III
403 2887 448 2934 3.
527 2887 613 2935 cfr.
652 2886 813 2934 Praef.
853 2904 900 2949 p.
925 2887 1127 2935 XXVII.

162 2973 359 3008 Dtoems
382 2974 691 3009 Onuomznsxs
716 2977 930 3018 fragmenta
954 2978 1010 3010 ed.
1035 2978 1259 3010 william.
1472 2983 1494 3012 c
