2066 3146
938 107 1304 160 -88-

396 238 463 282 fr.
490 238 632 282 XXV
660 237 744 282 col.
771 238 802 280 I.
836 237 1131 293 praefatione
1162 237 1308 291 finita,
1341 252 1433 293 qua
1458 251 1506 280 se
1539 238 1597 282 de
1629 253 1807 283 summo
1840 239 1964 283 bono

276 299 490 340 acturum
531 311 630 341 esse
668 296 898 353 promisit,
939 296 1009 353 (fr.
1037 296 1186 338 XXIII
1218 295 1303 340 001.
1327 296 1369 339 II
1401 297 1449 340 et
1478 296 1558 354 ΙΠ)
1598 312 1720 341 nunc
1759 298 1964 354 primum
2052 296 2066 331 ἲ

276 356 649 400 adversariorum
674 355 970 412 (Stoicorum)
995 355 1138 398 falsas
1164 355 1406 411 opiniones
1432 356 1644 412 dissipat,
1670 357 1751 412 qui
1768 357 1964 402 virtutes

275 430 507 458 summum
537 415 712 458 bonum
744 428 843 457 esse
877 416 1080 458 censent.

392 490 432 518 v.
460 479 484 516 2
491 473 543 533 s3
584 477 686 529 περὶ
720 476 803 527 μέν
834 478 919 528 τῆς
950 474 1241 531 ἀφροσύνης]
1289 475 1428 517 antea
1458 474 1654 518 fortasse
1687 489 1964 520 commemo—

272 534 393 577 ravit
426 533 685 577 Stoicorum
717 532 851 575 illam
883 533 940 575 de
972 532 1264 589 sapientibus
1296 533 1344 576 et
1375 532 1531 576 stultis
1565 534 1836 590 doctrinam,
1870 549 1964 590 qua.

274 606 432 637 omnes
480 592 561 648 qui
620 591 880 647 sapientiae
935 594 1146 648 expertes
1207 592 1322 646 sint,
1381 592 1630 635 stultorum
1675 593 1724 636 in
1771 608 1962 638 numero

272 651 512 695 habendos
546 665 647 695 esse
680 653 883 694 censent.

392 726 430 753 v.
459 715 512 753 12
555 712 580 754 ὃ
613 712 670 765 δὴ
704 713 778 754 καὶ
822 711 990 766 ἀληθὲς
1021 710 1290 768 ἑτύνχανεν]
1336 724 1422 754 vox
1460 713 1516 754 ἂν
1548 725 1640 754 non
1673 712 1968 755 desideratur

276 770 385 826 (HK
416 785 461 825 p.
481 771 584 826 437)
618 769 699 812 cfr.
733 770 792 812 ad
824 769 880 813 fr.
904 769 970 812 IV
1001 769 1087 812 col.
1111 768 1133 811 Ι
1161 784 1202 813 v.
1224 773 1294 813 12.
1339 783 1501 813 revera
1534 771 1656 813 enim
1687 785 1845 814 verum
1879 774 1963 827 est,
2039 802 2047 819 .

273 830 367 872 sive
407 831 582 885 negant
619 828 693 871 illi
734 828 831 871 sive
872 828 1121 872 affirmant.
1186 827 1266 871 cfr.
1305 828 1425 872 talia
1457 829 1615 884 qualia
1649 832 1756 873 sunt
1788 831 1965 875 δίκαιον

271 891 352 943 ἦν,
386 889 506 941 εἰκὸς
534 890 607 942 ἦν.

393 947 478 990 001.
502 946 545 989 II
575 962 615 989 v.
645 952 667 989 1
704 953 1140 1001 συνομογνωμονεῖν
1172 946 1286 989 alibi
1318 949 1500 990 exstare
1531 961 1624 991 non
1654 948 1851 992 videtur.

390 1022 430 1049 v.
458 1012 480 1050 7
516 1009 589 1050 καὶ
622 1007 677 1049 οὗ
705 1040 862 1050 .....
890 1007 1119 1063 ὀρέγεται]
1165 1007 1274 1048 ante
1313 1008 1370 1050 οὗ
1411 1007 1733 1051 subaudienda
1776 1010 1848 1052 est
1877 1022 1965 1052 vox

269 1071 412 1110 τοῦτο
453 1065 585 1118 (Heb.
627 1067 675 1108 et
716 1063 820 1107 Kal.
863 1080 909 1120 p.
935 1070 1021 1108 434
1064 1065 1181 1109 haec
1225 1065 1362 1109 aliter
1404 1065 1679 1123 intellegere
1715 1067 1966 1125 videntur).

272 1123 474 1180 exempli
514 1137 656 1168 causa
695 1124 836 1167 affero
876 1124 962 1180 Ep.
995 1138 1066 1180 ep.
1092 1124 1134 1166 Π
1167 1129 1251 1167 116
1283 1124 1379 1180 (Us.
1405 1140 1449 1180 p.
1476 1130 1531 1168 55
1564 1141 1603 1168 v.
1632 1132 1653 1169 7
1674 1128 1791 1183 sqq.)
1839 1128 1883 1171 οἱ
1914 1129 1966 1172 δὲ

271 1189 421 1228 ταῦτα
457 1187 516 1239 μὴ
551 1184 964 1237 καταγαπήσαντες
995 1187 1023 1241 ᾗ
1059 1186 1254 1238 μάλιστα
1280 1185 1382 1227 οὔτ’
1413 1186 1470 1228 ἂν
1496 1186 1615 1229 αὐτὰ
1639 1190 1788 1230 ταῦτα
1813 1190 1967 1239 καλῶς

273 1244 648 1299 συνθεωρήσαιεν
682 1244 791 1286 οὔτε
816 1244 871 1286 οὗ
897 1245 1052 1287 ἕνεκεν
1084 1246 1151 1287 δεῖ
1184 1248 1374 1298 θεωρεῖν
1402 1249 1552 1288 ταῦτα
1576 1246 1966 1299 περιεποιήσαντο

272 1303 318 1359 (i.
346 1316 383 1346 e.
418 1305 527 1346 οὔτε
558 1307 700 1346 τοῦτο
725 1304 1110 1356 περιεποιήσαντο
1144 1305 1199 1346 οὗ
1234 1305 1389 1347 ἕνεκεν
1414 1305 1482 1347 δεῖ
1506 1307 1698 1358 θεωρεῖν
1722 1306 1903 1361 ταῦτα).

390 1377 430 1405 v.
457 1366 482 1404 8
516 1361 597 1406 cfr.
623 1362 683 1404 ad
722 1361 777 1403 fr.
802 1360 951 1403 XXHI
985 1361 1068 1405 col.
1093 1362 1136 1404 II
1166 1377 1205 1405 v.
1235 1368 1273 1405 1.
1307 1388 1364 1393 —
1396 1364 1513 1406 κατὰ
1550 1365 1606 1407 τὸ
1647 1365 1844 1418 ἔσχατον
1884 1363 1966 1408 cfr.

274 1422 335 1464 ad
366 1421 421 1464 fr.
446 1420 616 1463 XXXV
650 1420 734 1464 col.
760 1419 803 1462 Π
834 1435 873 1465 v.
901 1425 925 1463 9
946 1434 1046 1476 sqq.

389 1495 429 1523 v.
456 1485 480 1523 9
501 1495 599 1535 sqq.
641 1479 701 1522 ad
739 1493 838 1523 rem
877 1479 958 1523 cfr.
991 1480 1076 1536 Ep.
1109 1494 1180 1536 ep.
1206 1480 1271 1523 111
1312 1484 1559 1524 128—129
1600 1485 1673 1525 καὶ
1718 1483 1791 1526 διὰ
1822 1487 1967 1526 τοῦτο

269 1542 358 1594 τὴν
390 1542 568 1594 ἡδονὴν
601 1542 746 1594 ἀρχὴν
780 1542 853 1583 καὶ
890 1541 1023 1593 τέλος
1061 1542 1178 1584 εἶναι
1217 1542 1410 1594 λέγομεν
1450 1543 1567 1584 εἶναι
1605 1546 1689 1584 τοῦ
1731 1542 1968 1596 μακαρίως

273 1602 357 1654 Ζῆν
391 1601 439 1642 et
469 1598 547 1642 Us.
572 1598 629 1642 fr.
656 1603 739 1641 397
760 1612 859 1653 sqq.

389 1673 432 1701 v.
460 1663 511 1700 11
534 1672 632 1713 sqq.
665 1662 805 1702 πᾶσιν
837 1659 1024 1713 Ἕλλησι
1056 1661 1131 1702 καὶ
1163 1660 1407 1714 βαρβάροις
1439 1660 1554 1712 μέγα
1580 1659 1777 1716 ένβοῶν]
1822 1659 1966 1702 Puta-

270 1717 388 1760 veris
413 1717 672 1774 Diogenem
705 1717 903 1760 eundem
936 1717 1209 1772 scriptorem
1241 1719 1349 1760 ante
1382 1717 1538 1761 oculos
1567 1718 1788 1761 habuisse
1821 1720 1964 1774 atque

272 1775 561 1831 Ciceronem,
602 1777 683 1831 qui
723 1776 780 1819 de
819 1776 895 1819 fin.
929 1775 971 1819 ΙΙ
997 1782 1065 1831 15,
1091 1781 1162 1830 49,
1203 1786 1307 1819 cum
1351 1778 1409 1820 de
1442 1778 1607 1820 eadem
1636 1791 1686 1820 re
1719 1779 1846 1833 agat,
1875 1778 1964 1821 hoc

271 1836 408 1879 dicit:
450 1837 747 1892 philosophus
783 1836 965 1890 mobilis,
1009 1851 1038 1879 a
1070 1850 1156 1891 quo
1187 1850 1282 1880 nou
1317 1837 1464 1880 solum
1499 1837 1694 1881 Graecia
1733 1842 1774 1881 et
1803 1838 1967 1890 Italia,

269 1896 347 1940 sed
378 1897 514 1939 etiam
545 1896 692 1939 omnis
723 1896 942 1939 barbaria
974 1901 1193 1940 commota
1223 1900 1300 1950 est,
1331 1897 1564 1940 honestum
1596 1896 1707 1951 quid
1737 1897 1811 1951 sit,
1842 1898 1884 1940 si
1914 1896 1965 1939 id

271 1969 366 1999 ‘nou
396 1956 458 1998 sit
489 1956 541 1998 iu
570 1955 821 2011 voluptate,
861 1959 996 2011 ueyat
1025 1968 1070 1998 se
1102 1956 1366 2012 in-tezleyere,
1397 1957 1490 1999 uisi-
1520 1956 1636 2009 forte
1667 1955 1806 2009 illud,
1845 1956 1967 2011 quod

271 2014 585 2058 multitudiuis
615 2027 794 2058 rumore
826 2015 1051 2058 laudetur.

391 2088 429 2116 v.
458 2078 511 2116 13
548 2075 663 2126 μέγα
695 2074 891 2129 ένβοῶν]
940 2072 1167 2128 Epicurus
1201 2086 1384 2128 quoque
1409 2086 1573 2129 graves
1597 2087 1731 2117 voces
1762 2073 1967 2117 libenter

276 2131 483 2175 adhibet.
545 2132 656 2175 huic
689 2131 863 2174 similia
895 2133 1004 2175 sunt
1034 2145 1156 2187 quae
1186 2132 1437 2175 traduntur
1469 2132 1595 2188 apud
1627 2131 1718 2176 Cic.
1753 2133 1811 2176 de
1841 2132 1919 2176 fin.
1943 2131 1966 2175 Ι

272 2195 349 2244 18,
383 2196 436 2234 57
482 2194 685 2235 clamat
735 2192 970 2248 Epicurus
1011 2226 1020 2234 .
1047 2226 1056 2234 .
1085 2226 1094 2234 .
1122 2225 1131 2234 .
1172 2206 1266 2235 uon
1314 2206 1444 2248 posse
1487 2193 1686 2236 iucunde
1731 2193 1825 2236 vivi
1870 2193 1966 2236 uisi

269 2252 498 2306 sapienter
524 2285 703 2304 ......
738 2252 785 2293 et
811 2250 913 2294 Sen.
948 2250 1006 2294 de
1036 2251 1134 2294 vita
1172 2250 1314 2294 beata
1338 2250 1392 2306 X,
1421 2255 1443 2293 1
1489 2252 1609 2295 clare
1650 2251 1806 2306 inquit
1836 2251 1962 2307 (Epi-

275 2311 428 2366 curus)
462 2323 516 2354 ac
539 2311 703 2366 palam
735 2316 882 2364 testor,
913 2312 1032 2354 hauc
1063 2311 1225 2364 vitam,
1265 2325 1402 2365 quam
1440 2325 1516 2367 090
1555 2311 1806 2354 iucundam
1843 2323 1964 2363 voco,

270 2382 365 2413 uon
395 2370 494 2413 siue
526 2371 704 2413 adiecta
735 2371 900 2414 virtute
930 2370 1196 2426 contiuyere.
1254 2368 1334 2412 cfr.
1360 2369 1504 2412 etiam
1528 2369 1606 2412 Us.
1624 2368 1679 2413 fr.
1697 2374 1751 2412 67
1788 2370 1960 2425 μεγάλῃ

270 2434 328 2484 τῇ
379 2434 530 2484 φωνῇ.
602 2441 710 2471 voce
751 2432 865 2483 βοᾶν
910 2428 1060 2471 utitur
1104 2427 1333 2483 Epicurus
1372 2428 1426 2472 fr.
1462 2432 1546 2472 200
1587 2429 1966 2483 ἀφυσιολόγητον

273 2488 416 2541 μηδὲν
441 2490 558 2541 ἡγοῦ
593 2489 778 2543 βοώσης
798 2491 883 2542 τῆς
907 2490 1078 2542 σαρκὸς
1101 2491 1214 2542 βοᾶν
1238 2490 1326 2543 τὴν
1357 2488 1527 2543 ψυχήν.
1577 2487 1656 2530 cfr.
1682 2487 1814 2530 Lucr.
1838 2487 1882 2530 H
1908 2491 1960 2530 17

270 2546 390 2589 nihil
421 2547 551 2590 aliud
581 2547 670 2591 sibi
699 2552 918 2590 ‘naturam
951 2548 1132 2591 latrare.

393 2604 475 2648 001.
516 2605 581 2648 ΠΙ
624 2620 666 2648 v.
711 2610 852 2648 1-3,
937 2605 1108 2650 Facete
1153 2604 1255 2648 vult
1300 2605 1449 2661 loqui:
1522 2604 1666 2648 Stoici
1710 2604 1965 2648 virtutibus

273 2662 513 2707 molestias
547 2664 782 2717 exhibent,
815 2679 918 2708 cum
953 2677 1031 2708 eas
1065 2666 1236 2721 cogant
1267 2664 1425 2707 sedem
1456 2665 1651 2706 mutare.

388 2737 430 2765 v.
458 2727 483 2765 6
502 2737 600 2778 sqq.
635 2723 715 2767 cfr.
742 2722 833 2767 Cic.
860 2722 994 2766 Tusc.
1019 2723 1085 2766 III
1111 2727 1179 2776 18,
1205 2727 1261 2765 42
1303 2722 1397 2779 (Us.
1424 2722 1477 2766 fr.
1505 2727 1560 2765 69
1593 2722 1820 2778 Epicurus
1861 2722 1964 2778 ipse

272 2780 481 2836 loquitur
519 2781 570 2824 in
607 2781 727 2825 libro
766 2784 882 2838 Περὶ
913 2784 1118 2838 φύσεως)
1158 2784 1240 2837 qui
1275 2783 1317 2825 si
1354 2783 1541 2826 virtutes
1586 2783 1770 2826 ebullire
1816 2782 1963 2826 volent

271 2846 314 2884 et
335 2842 601 2896 sapientias,
627 2842 744 2885 nihil
761 2842 892 2885 aliud
907 2842 1058 2885 dicent
1071 2843 1166 2885 ‘nisi
1181 2855 1280 2884 eam
1294 2841 1461 2894 viam,
1486 2855 1593 2897 qua
1617 2841 1966 2895 efficiantur

271 2913 348 2943 eae
377 2902 628 2956 voluptates
659 2914 774 2956 quas
812 2915 955 2956 supra
987 2900 1100 2945 dixi.
1164 2899 1374 2944 Virtutes
1415 2900 1670 2943 secundum
1709 2899 1964 2956 Epicureos
