2066 3146
948 114 1311 165 —75—

406 260 443 288 v.
472 251 518 300 ¹4.
568 247 662 299 ῥεῖν
713 245 800 298 γὰρ
848 243 933 287 αἰεὶ
980 245 1038 287 τὰ
1093 245 1358 299 πράγματα]
1414 243 1684 300 imprudens
1732 243 1976 287 Aristoteli
2047 244 2057 255 ”

287 304 506 347 attribuit
537 303 818 347 sententiam
851 302 1087 346 Heracliti.

404 378 441 406 v.
478 367 593 406 5-8
642 362 722 405 cfr.
756 362 947 405 Aristot.
982 361 1186 417 Metaph.
1218 361 1240 404 1
1265 366 1290 403 6
1333 377 1377 418 p.
1414 366 1496 406 987
1508 375 1536 405 a
1702 368 1801 415 ταῖς
1847 363 1977 416 Ἡρα-

287 424 530 474 κλειταίαις
569 423 740 475 δόξαις,
786 423 849 473 ὡς
888 422 1109 464 ἁπάντων
1140 426 1237 464 τῶν
1277 421 1513 476 αἰσθητῶν
1546 422 1633 465 αἰεὶ
1665 422 1871 476 ῥεόντων
1902 424 1975 464 καὶ

289 483 545 536 ἐπιστήμης
574 483 679 534 περὶ
711 481 867 523 αὐτῶν
901 481 986 523 οὐκ
1017 482 1174 534 οὔσης.

405 556 447 583 v.
475 545 499 583 8
535 540 796 604 ἀντίληψιν]
828 552 921 581 non
964 539 992 581 i
1021 553 1062 593 q
1097 540 1354 594 κατάληψιν
1402 540 1863 595 (comprehensionem,
1902 541 1976 582 in-

287 600 615 657 telliyentiam),
649 598 730 641 sed
762 598 791 639 i.
819 613 861 654 q.
895 598 1107 652 αἴσθησιν
1138 599 1193 640 ut
1224 612 1279 642 ex
1312 613 1350 642 v.
1379 603 1434 640 14
1467 600 1674 655 apparet.

403 673 442 701 v.
477 662 619 712 Ssqq.
683 657 798 700 haec
845 659 998 711 ῥεῦσις
1045 657 1171 712 apud
1210 657 1490 713 Epicureum
1538 658 1811 714 scriptorem
1856 638 1977 700 nihil

285 717 415 760 aliud
447 730 546 760 esse
578 718 735 772 potest
764 715 857 758 nisi
889 715 1197 771 sempiternus
1236 717 1385 759 fluxus
1425 718 1685 760 atomorum
1724 719 1771 760 et
1809 716 1977 774 imagi-

285 791 397 819 num
429 791 456 819 a
487 776 625 819 rebus
666 774 958 818 effluentium
987 789 1239 830 rursusque
1272 775 1599 828 adfluentium,
1633 777 1714 820 cfr
1747 775 1876 831 Epic
1903 789 1973 832 ep.
2034 794 2041 809 ·

330 839 414 877 548
448 835 538 891 (Us.
573 850 617 890 p.
647 839 716 888 11,
735 835 898 890 3sqq.)
938 837 1011 877 καὶ
1049 836 1137 889 γὰρ
1177 837 1330 890 ῥεῦσις
1367 836 1459 878 ἀπὸ
1497 841 1593 879 τῶν
1626 837 1858 894 σωμᾴτων
1890 839 1974 879 τοῦ

286 897 506 949 ἐπιπολῆς
549 895 759 949 συνεχής,
792 895 878 937 οὐκ
910 893 1125 948 ἐπίδηλος
1144 899 1211 963 πῇ
1247 895 1430 947 μειώσει
1462 897 1535 938 διὰ
1566 896 1653 949 τήν
1687 895 1975 948 ἀνταναπλή-

285 967 429 1008 ρωσιν
463 956 510 996 et
541 953 672 996 Lucr.
697 953 752 1006 II,
773 957 827 995 69
859 955 996 1008 fluere
1027 954 1182 997 omnia
1212 954 1449 996 cernimus.

403 1012 487 1056 col.
513 1012 577 1054 ΠΙ
606 1027 645 1054 v.
675 1016 699 1054 2
718 1026 816 1067 sqq.
881 1012 1080 1067 scriptor
1118 1012 1345 1067 ostendit,
1390 1011 1627 1068 Scepticos
1658 1012 1786 1069 ipsos
1819 1026 1975 1055 secum

284 1085 517 1128 pugnare,
567 1086 671 1115 cum
704 1084 759 1114 ex
792 1084 867 1125 eo,
914 1071 1038 1126 quod
1077 1071 1258 1126 aliquid
1290 1085 1413 1114 nunc
1445 1071 1603 1114 album
1635 1086 1757 1115 nunc
1789 1072 1975 1128 nigrum

286 1145 386 1174 esse
418 1131 648 1185 videatur,
691 1131 1008 1174 demonstrare
1040 1130 1207 1184 velint,
1248 1144 1332 1174 nos
1365 1131 1504 1187 quale
1534 1145 1583 1174 re
1616 1145 1726 1174 vera
1758 1131 1821 1174 sit
1859 1131 1976 1174 scire

284 1204 378 1233 non
408 1204 556 1246 posse.
620 1202 771 1245 neque
803 1190 928 1232 enim
958 1189 1008 1232 id
1040 1189 1195 1246 ipsum
1221 1190 1424 1246 Sceptici
1457 1190 1610 1233 dicere
1640 1192 1844 1246 possent,
1890 1188 1976 1233 ali-

284 1250 398 1306 quid
428 1252 529 1292 tum
562 1249 720 1293 album
753 1262 852 1292 esse
883 1250 984 1291 tum
1015 1249 1218 1306 nigrum,
1251 1250 1342 1292 nisi
1376 1251 1527 1304 antea,
1560 1250 1685 1305 quod
1717 1250 1808 1305 ipsi
1832 1262 1974 1306 nega-

282 1311 401 1363 rent,
434 1309 530 1352 albi
563 1311 610 1352 et
641 1309 766 1365 nigri
795 1311 1010 1351 naturam
1042 1309 1136 1351 iam
1160 1309 1395 1366 cognitam
1425 1309 1662 1353 haberent.
1723 1308 1804 1352 cfr.
1823 1322 1973 1353 exem-

282 1367 350 1423 pli
392 1381 532 1411 causa
565 1367 655 1411 Cic.
691 1369 748 1411 de
787 1368 863 1410 fin.
890 1368 910 1410 I
937 1373 1005 1422 19,
1033 1373 1088 1411 64
1128 1382 1237 1424 quos
1277 1370 1354 1425 (sc.
1397 1370 1574 1424 sensus)
1614 1369 1694 1424 qui
1733 1369 1897 1412 tollunt
1927 1373 1977 1412 ‚et

285 1429 404 1471 nihil
432 1442 560 1483 posse
586 1428 765 1483 percipi
795 1428 976 1481 dicunt,
1017 1428 1056 1471 ii
1085 1429 1278 1471 remotis.
1294 1429 1500 1472 sensibus
1530 1443 1585 1472 ne
1615 1429 1665 1471 id
1695 1428 1844 1483 ipsum
1876 1429 1975 1483 qui-

284 1488 383 1530 dem
430 1488 638 1543 eoepedire
682 1492 893 1542 possunt,
941 1487 1061 1542 quod
1106 1488 1347 1531 disserunt.
1404 1513 1458 1518 —
1515 1486 1769 1543 Epicurum
1816 1488 1974 1530 autem

283 1559 441 1589 omnes
483 1559 642 1589 sensus
682 1559 812 1589 veros
853 1559 953 1589 esse
994 1546 1158 1590 docere
1198 1548 1360 1589 notum
1399 1548 1482 1589 est.
1519 1573 1572 1577 —
1607 1545 1722 1590 Cum
1752 1547 1840 1589 hoc
1871 1545 1973 1589 loco

286 1604 429 1648 etiam
473 1606 604 1649 Lucr.
635 1605 698 1648 IV
741 1621 780 1648 v.
818 1609 904 1648 479
935 1620 1032 1661 sqq.
1079 1605 1286 1649 conferre
1322 1605 1447 1658 licet,
1483 1606 1735 1662 praecipue
1772 1610 1967 1661 497sqq.

282 1679 376 1708 non
401 1678 541 1720 porro
567 1670 784 1720 poterunt
821 1667 1018 1721 (sensus)
1062 1667 1154 1721 ipsi
1190 1666 1507 1720 reprehendere
1535 1680 1648 1718 sese,
1689 1679 1834 1721 aequa
1865 1665 1975 1719 sides

282 1726 499 1779 quoniam
545 1725 716 1768 debebit
761 1738 931 1780 semper
976 1725 1152 1778 haberi,
1185 1725 1383 1780 proinde
1422 1726 1541 1779 quod
1581 1726 1631 1767 in
1663 1729 1876 1779 quoquest
1906 1724 1976 1767 his

282 1785 430 1827 visum
461 1789 652 1838 tempore
682 1789 890 1827 verumst.
1287 1781 1292 1784 ⁴

401 1857 440 1885 V.
468 1848 493 1885 2
528 1844 575 1885 et
607 1848 632 1886 5
666 1844 834 1886 ἐκεῖνο.
855 1878 864 1886 .
886 1878 894 1886 .
916 1877 925 1886 .
957 1844 1012 1885 τὸ
1046 1845 1102 1896 δὴ
1138 1843 1239 1887 οἷον
1272 1845 1482 1898 φέρουσι,
1516 1846 1608 1886 κτλ.
1644 1842 1723 1886 cfr.
1749 1841 1805 1885 fr.
1827 1841 1975 1885 XXIX

283 1901 367 1944 col.
393 1901 414 1943 I
446 1916 483 1945 v.
512 1902 582 1959 8s9
616 1903 764 1946 ἐκεῖνο
795 1906 1049 1957 τηροῦντες
1078 1903 1133 1946 τὸ
1167 1905 1223 1956 δὴ
1258 1904 1349 1946 ὅτι.
1370 1938 1378 1946 .
1400 1937 1408 1946 .
1430 1904 1842 1957 .ἀντιπαρέρχεται.

402 1960 470 2006 fr.
496 1960 537 2006 V
577 1961 709 2004 col.I
747 1977 786 2005 v.
821 1965 913 2003 4-
927 1965 965 2003 7.
1041 1961 1157 2004 duas
1195 1961 1340 2018 igitur
1377 1974 1564 2005 necesse
1612 1963 1683 2006 est
1721 1960 1973 2016 qualitates

282 2019 490 2063 habeant
522 2034 767 2076 corporum
806 2020 1058 2074 elementa3
1107 2022 1155 2064 et
1185 2020 1290 2076 ipsa
1322 2021 1606 2077 sempiterna
1638 2034 1738 2064 esse
1770 2034 1825 2064 ea
1858 2033 1973 2076 opus

284 2080 354 2121 est
386 2081 434 2122 et
466 2093 661 2135 corpora
693 2082 972 2123 construere.

402 2138 487 2182 col.
522 2139 564 2181 Π
601 2154 641 2182 v.
669 2145 709 2182 2.
782 2137 1114 2195 Empedoclem
1162 2139 1523 2196 Agrigentinum
1570 2139 1718 2181 filium
1763 2139 1976 2194 Acragae

286 2198 527 2241 cuiusdam
560 2198 676 2242 facit
708 2199 988 2254 (Ἀκράγας).

402 2272 439 2300 v.
467 2262 492 2300 8
524 2259 641 2312 ὕλην
674 2261 746 2302 καὶ
778 2259 899 2312 θεόν,
935 2257 1001 2300 sic
1033 2257 1177 2300 etiam
1207 2257 1342 2314 Diog.
1369 2258 1521 2300 Laert.
1540 2256 1624 2300 VII
1650 2261 1749 2300 134.

400 2331 440 2360 v.
468 2321 522 2358 12
540 2331 639 2372 sqq.
683 2320 787 2372 περὶ
826 2319 983 2360 αὐτῶν
1024 2318 1205 2371 ἐσφάλη
1246 2319 1367 2373 τινά]
1414 2315 1652 2360 nonnullis
1690 2315 1830 2359 rebus
1862 2315 1974 2370 Epi-

284 2388 421 2416 curus
455 2388 483 2417 a
516 2375 767 2419 Democriti
802 2377 858 2419 de
892 2376 1061 2419 atomis
1093 2376 1327 2420 sententia
1360 2376 1608 2432 discrepat
1645 2390 1750 2419 cum
1781 2388 1873 2417 non
1904 2374 1974 2416 in-

282 2434 593 2478 numerabiles
635 2449 733 2478 esse
773 2438 1033 2479 atomoium
1072 2434 1243 2478 formas
1284 2435 1385 2491 (Ep.
1421 2449 1491 2491 ep.
1525 2435 1545 2477 Ι
1577 2440 1602 2488 ξ
1628 2435 1727 2502 55]ss
1769 2435 1815 2477 et
1846 2432 1974 2476 Diels

293 2494 497 2537 Vorsokr.
532 2509 574 2549 p
611 2499 694 2537 377
744 2510 782 2537 v.
811 2498 883 2548 28,
917 2499 987 2547 35,
1021 2496 1094 2550 37)
1135 2494 1395 2549 atomisque
1434 2494 1616 2551 pondus
1655 2493 1807 2536 inesse
1838 2494 1976 2548 putet

287 2550 494 2596 (Dielsl.
530 2567 566 2595 c.
636 2557 780 2608 .378,
802 2558 854 2596 11
890 2555 937 2596 et
966 2552 1045 2596 Us.
1079 2553 1134 2596 fr.
1170 2558 1269 2607 281,
1289 2557 1388 2608 275,
1421 2553 1550 2610 Epic.
1586 2566 1658 2608 ep.
1689 2552 1822 2608 154).

409 2610 494 2654 col.
531 2567 631 2654 HIp
639 2628 678 2656 v.
714 2617 738 2656 9
758 2613 879 2670 sqq.]
942 2614 1104 2655 contra
1151 2588 1442 2655 Heraclitum
1488 2611 1645 2669 ignem
1692 2611 1974 2655 elementum

286 2683 386 2712 esse
419 2672 678 2714 sumentem
711 2671 955 2728 disputans
987 2671 1119 2714 Lucr.
1146 2671 1166 2713 Ι
1197 2686 1235 2714 v.
1264 2675 1496 2714 635—704
1527 2671 1615 2714 hoc
1648 2671 1974 2727 argumentum

286 2742 378 2771 non
411 2728 558 2772 affert.
623 2730 703 2774 sed
737 2731 840 2782 cfr.,
887 2730 1012 2785 quod
1053 2730 1178 2786 apud
1224 2729 1490 2773 Ciceronem
1530 2730 1587 2772 de
1626 2732 1720 2773 nat.
1756 2729 1878 2773 deor.
1911 2727 1975 2772 m

291 2792 315 2840 ξ
342 2792 515 2830 35-37
565 2788 701 2833 Cotta
739 2789 1043 2845 philosophus
1076 2789 1382 2832 Academicus
1423 2789 1655 2844 disputat,
1704 2789 1785 2844 qui
1817 2789 1974 2845 ignem

288 2861 380 2889 non
411 2845 722 2891 immortalem
755 2863 854 2892 esse
887 2847 1106 2902 ostendit,
1140 2848 1252 2904 quia
1283 2847 1497 2902 intereat,
1530 2847 1621 2891 nisi
1656 2848 1809 2891 alatur
1843 2853 1886 2903 (ξ
1904 2849 1977 2900 37)

287 2931 340 2936 —
375 2907 482 2961 post
514 2921 551 2949 V.
575 2912 627 2949 14
660 2907 856 2951 fortasse
888 2907 1136 2963 legebatur
1167 2909 1265 2950 ἐπεὶ
1289 2911 1482 2962 φθεῖρον
1508 2909 1627 2950 αὐτὰ
1653 2910 1797 2962 δῆλόν
1823 2909 1970 2961 ἐστιν,
