2066 3146
895 84 1292 137 -100-

330 232 333 233 ⁷
368 229 409 256 v.
436 218 460 256 9
494 214 588 258 tale
621 214 734 270 quid
767 216 978 257 secutum
1012 229 1109 258 esse
1153 217 1267 270 puto
1301 218 1372 260 ὅτι
1402 221 1460 271 τῆ
1494 219 1664 269 γνώσει
1696 222 1810 261 τῶν.

250 273 395 330 [λείαν
427 275 806 329 ὠφεληθήσεσθε,
840 276 913 316 καὶ
945 275 1059 317 ἄλλα
1094 289 1181 328 μου
1213 277 1506 330 γεγραμμένα
1537 277 1826 334 προσθήσω].

304 424 307 429 ,
369 391 436 435 fr.
463 391 636 435 LXIII
675 392 759 435 col.
792 392 813 434 I
859 392 1035 447 species
1082 391 1323 436 hominum
1372 375 1636 437 absentium
1684 395 1938 437 maximum

249 451 456 493 excitant
501 454 699 506 metum,
747 451 859 506 quia
897 450 1127 505 quomodo
1167 443 1282 495 fiant
1321 452 1379 495 ab
1419 453 1687 497 hominibus
1720 453 1942 512 explicari

250 526 342 553 non
373 513 540 567 potest.
605 513 767 553 contra
806 510 1122 565 praesentium
1161 510 1403 555 hominum
1442 512 1618 568 species
1650 526 1715 554 ne
1747 512 1945 556 minimo

250 570 438 625 quidem
481 573 609 612 metu
650 569 874 612 afficiunt
936 583 1243 624 quamquam,
1292 570 1331 614 si
1368 574 1493 614 recte
1535 586 1693 614 earum
1725 573 1942 614 naturam

249 629 525 685 perspicias
573 643 760 685 prorsus
801 629 964 672 eodem
995 629 1133 672 modo
1165 629 1283 673 fiunt
1315 631 1362 672 et
1393 630 1481 673 hae
1514 633 1560 673 et
1592 631 1714 673 illae.
1758 657 1811 662 —
1861 644 1942 674 cur

248 689 365 732 talia
404 689 452 731 in
490 689 579 731 hac
620 688 835 731 columna
876 688 1135 744 supplenda
1169 689 1284 743 sint,
1318 702 1371 732 ex
1405 689 1788 751 adnotationibus
1819 690 1944 732 inse-

249 748 500 803 quentibus
533 761 795 805 cognosces

369 807 453 850 col
478 806 520 849 ΙΙ
560 807 687 849 locus
721 805 1078 850 obscuritatem
1101 807 1336 861 quandam
1379 807 1535 861 habet,
1585 823 1725 864 quam
1766 807 1949 854 Usener

250 870 296 909 et
336 866 535 909 editores
576 866 813 909 Austriaci
859 868 1041 909 mutato
1080 866 1154 909 vel
1198 866 1360 910 addito
1398 867 1538 910 verbo
1585 868 1746 919 tollere
1787 860 1951 911 conat&

249 928 371 969 sunt.
435 939 488 968 ac
519 926 722 993 primum
754 925 1007 968 videndum
1040 928 1124 980 est,
1166 926 1221 968 de
1254 941 1346 982 qua
1377 941 1425 968 re
1459 928 1638 984 agatur.
1702 925 1944 982 quaeritur

251 986 513 1028 subiectum
545 986 729 1042 generis
770 984 985 1028 feminini
1023 985 1268 1028 verborum
1309 988 1467 1039 εχουσι
1506 989 1577 1029 et
1572 988 1942 1042 ὑφειστήκεσαν.

249 1045 373 1100 quod
403 1045 482 1087 vix
515 1045 720 1087 dubium*
743 1047 813 1087 est
846 1044 960 1099 quin
999 1044 1125 1087 idem
1158 1044 1420 1102 significare
1454 1046 1622 1089 debeat
1655 1048 1797 1101 atque
1829 1047 1944 1100 φάζ-

251 1119 371 1158 ματα
405 1104 506 1160 (col.
534 1103 597 1146 III
626 1119 668 1147 v.
696 1103 798 1163 2s'3).
861 1103 1074 1160 supplevi
1114 1103 1261 1162 igitur
1301 1105 1349 1147 in
1387 1105 1538 1160 prima
1578 1105 1794 1149 columna
1826 1119 1945 1159 φαν-

248 1164 414 1207 τασίαι.
477 1163 602 1206 idem
634 1163 810 1206 Usener
854 1166 1033 1217 censet,
1086 1177 1190 1206 cum
1234 1164 1283 1206 in
1327 1164 1484 1208 adnot.
1517 1180 1561 1220 p.
1595 1169 1679 1207 427
1724 1163 1945 1220 proponit

249 1223 351 1279 (col.
379 1223 398 1264 I
429 1237 470 1264 v.
499 1225 539 1278 9)
591 1223 656 1281 [αἱ
697 1225 747 1267 δὲ
785 1227 883 1267 τῶν
923 1224 1202 1279 φασμάτων]
1251 1225 1495 1281 διαθὲ[σεις
1533 1227 1607 1268 καὶ
1646 1224 1761 1267 ἰδέαι
1802 1223 1946 1280 ἄν]τι-

248 1297 358 1337 κρυς
389 1285 483 1325 κτλ.
548 1296 665 1337 quae
699 1284 858 1326 autem
890 1281 1005 1325 Heb.
1040 1285 1087 1325 et
1118 1282 1220 1325 Kal.
1254 1282 1475 1339 supplent
1513 1283 1579 1340 [αἱ
1611 1283 1818 1340 ψυχικαὶ]
1852 1285 1945 1326 δια-

248 1342 435 1399 θέ[σεις]
487 1342 718 1396 quomodo
766 1356 871 1385 cum
919 1341 1221 1398 sequentibus
1262 1346 1521 1400 congruant
1567 1355 1664 1385 non·
1705 1340 1944 1398 intellego.

248 1400 332 1443 has
367 1403 523 1444 autem
555 1401 766 1444 notiones
807 1401 933 1444 idem
963 1401 1117 1444 valere
1158 1401 1275 1445 dicit
1307 1402 1519 1458 scriptor,
1565 1401 1604 1444 si
1636 1401 1697 1444 ad
1730 1401 1945 1444 absentes

247 1474 320 1502 res
360 1460 449 1516 (vel
489 1460 715 1517 homines)
763 1461 888 1516 quod
929 1460 968 1503 si
1008 1462 1066 1504 ad
1106 1464 1376 1516 praesentes
1414 1461 1946 1518 pertineant-(v.1--3).

249 1520 374 1574 quod
411 1521 464 1562 ut
506 1520 812 1575 demonstret,
861 1520 978 1563 dicit
1015 1521 1228 1564 notiones
1267 1535 1360 1564 non
1397 1535 1532 1578 posse
1564 1532 1708 1564 manu
1740 1533 1947 1575 compre-

247 1578 390 1621 hendi
431 1580 591 1634 (ἁπταὶ
630 1581 716 1624 οὐκ
754 1582 931 1636 οὖσαι),
980 1581 1061 1623 sed
1109 1580 1264 1624 animo
1301 1580 1376 1624 vel
1421 1581 1601 1624 ratione
1649 1579 1945 1636 (διανοηταί).

250 1638 403 1681 adhuc
432 1652 505 1680 res
537 1639 785 1694 perspicua
818 1642 900 1683 est.
965 1640 1310 1683 admonendum
1343 1642 1414 1683 est
1445 1641 1644 1692 tantum,
1689 1638 1944 1682 secundum

248 1696 502 1752 Epicurum
549 1698 759 1742 homines
807 1701 860 1742 ut
908 1699 1054 1742 oculis
1100 1699 1294 1743 videant
1341 1700 1409 1742 ita
1450 1702 1496 1742 et
1537 1699 1691 1742 animo
1731 1697 1945 1741 notiones

249 1756 484 1811 quaslibet
516 1757 904 1813 comprehendere
936 1773 1020 1814 per
1059 1758 1308 1802 simulacra
1341 1774 1367 1801 a
1399 1758 1536 1801 rebus
1570 1756 1813 1801 affluentia
1846 1755 1944 1813 (cfr.

249 1815 333 1871 Ep.
369 1830 438 1871 ep.
470 1816 492 1859 1
525 1821 580 1859 49
629 1819 913 1870 ἐπεισιόντος
958 1819 1085 1871 τινὸς
1131 1820 1223 1863 ἀπὸ
1269 1824 1367 1862 τῶν
1417 1811 1587 1862 ἔξωθεν
1633 1819 1717 1870 τὰς
1764 1817 1948 1871 μορφὰς

249 1878 364 1930 ὁρᾶν
395 1878 516 1930 ἡμᾶς
541 1879 614 1920 καὶ
638 1878 950 1932 διανοεῖσθαι).
1013 1877 1151 1934 plane
1183 1878 1332 1935 igitur
1354 1893 1450 1921 rem
1482 1877 1873 1934 intellegeremus,
1908 1875 1947 1918 si

248 1934 486 1989 notiones,
533 1936 706 1992 quippe
747 1951 866 1991 quae
905 1951 989 1992 per
1021 1937 1271 1980 simulacra
1301 1937 1351 1980 in
1383 1937 1591 1980 animum
1623 1935 1867 1979 affluentia
1900 1935 1947 1977 et

249 2008 391 2036 manu
437 2008 530 2037 non
578 1995 1018 2051 comprehensibilia
1065 1996 1349 2049 efficiantur,
1398 1997 1594 2039 eandem
1631 1995 1727 2039 vim
1775 1994 1946 2037 habere

251 2052 439 2107 diceret,
472 2053 512 2096 si
545 2054 604 2097 ab
637 2055 911 2099 absentibus
943 2055 1212 2099 hominibus
1245 2071 1301 2099 ex
1323 2070 1494 2114 magno
1525 2054 1772 2099 intervallo
1805 2056 1946 2109 atque

251 2112 291 2155 si
331 2126 358 2154 a
396 2113 723 2167 praesentibus
765 2130 820 2158 ex
859 2115 1122 2172 propinquo
1160 2115 1387 2159 venirent.
1448 2115 1647 2172 legimus
1689 2115 1846 2157 autem
1878 2125 1946 2155 se-

251 2172 502 2227 quentibus
535 2173 745 2218 versibus
785 2177 873 2229 τὴν
905 2176 1055 2229 αὐτὴν
1087 2177 1202 2219 ὅσον
1234 2177 1311 2230 ἐφ’
1343 2177 1529 2227 ἑαυταῖς
1565 2177 1724 2229 ἔχουσι
1751 2174 1954 2228 δύναμιν,

250 2232 366 2285 πρὸς
396 2234 506 2284 τοὺς
537 2235 772 2288 παρόντας
802 2238 859 2288 τῆ
887 2235 967 2279 ὅτε
999 2237 1073 2278 καὶ
1101 2237 1349 2290 παρόντων
1374 2234 1563 2278 ἐκείνων
1587 2233 1957 2288 ὑφειστήκεσαν,

249 2304 344 2344 qua
378 2305 426 2333 re
459 2306 582 2335 nunc
613 2293 853 2348 paulisper
884 2292 1055 2336 omissa
1085 2293 1288 2349 primum
1321 2308 1374 2336 ea
1408 2293 1788 2359 contemplemur,
1829 2303 1947 2347 quae

252 2349 310 2392 ab
345 2349 547 2394 Usenero
581 2355 628 2394 et
661 2352 919 2396 editoribus
945 2351 1206 2396 Austriacis
1238 2354 1471 2409 temptata
1495 2355 1617 2396 sunt.
1667 2364 1720 2394 ac
1743 2349 1947 2405 primum

253 2408 380 2462 quod
415 2409 591 2453 Usener
636 2411 808 2455 conicit
854 2415 942 2466 τὴν
985 2414 1167 2467 αὐτὴν.
1218 2414 1404 2467 .ε’χουσι
1447 2414 1639 2465 δύναμιν
1681 2411 1797 2465 πρὸς
1837 2410 1949 2461 τοὺς

249 2468 455 2520 ἀπόντας
487 2470 603 2524 (sive
638 2474 698 2525 μὴ
732 2473 986 2527 παρόντας)
1018 2476 1075 2526 τῆ
1112 2473 1190 2516 ὅτε
1223 2475 1297 2515 καὶ
1327 2473 1576 2526 παρόντων
1602 2469 1948 2524 εκείνωνέὑφει-

249 2527 484 2581 στήκεσαν
530 2529 696 2572 melius
746 2545 843 2574 esse
891 2530 1080 2574 videtur
1127 2545 1269 2587 quam
1317 2531 1441 2585 quod
1485 2529 1557 2571 illi
1595 2527 1822 2584 praebent
1860 2528 1948 2579 τὴν

250 2587 435 2639 αὐτὴν.
517 2590 710 2643 ,ἔχουσι
759 2592 952 2644 δύναμιν
995 2591 1111 2645 πρὸς
1149 2592 1265 2642 τοὺς
1298 2591 1532 2645 παρόντας
1569 2592 1626 2642 τῆ
1669 2588 1748 2630 ὅτε
1782 2589 1854 2629 καὶ
1887 2588 1947 2639 μὴ

248 2622 501 2699 παρόντων
541 2648 732 2692 ἐκείνων
765 2650 1124 2703 ὑφειστήκεσαν.
1186 2662 1337 2704 neque
1377 2648 1502 2692 enim
1533 2646 1773 2702 probatur,
1816 2659 1955 2700 prae*

250 2704 455 2747 sentium
495 2705 736 2750 hominum
778 2708 991 2751 notiones
1031 2708 1158 2751 idem
1187 2707 1341 2751 valere
1375 2710 1515 2762 atque
1549 2704 1835 2757 absentium,
1869 2703 1952 2746 sed

249 2762 518 2807 absentium
551 2765 675 2809 idem
710 2769 848 2823 atque
882 2767 1213 2824 praesentium.
1278 2767 1358 2809 sed
1391 2765 1583 2808 Useneri
1625 2778 1809 2819 quoque
1848 2777 1948 2805 mn·

250 2821 369 2865 tatio
401 2823 583 2878 placere
616 2839 708 2869 non
740 2829 925 2882 potest.
973 2825 1087 2882 quid
1120 2825 1245 2868 enim
1267 2829 1370 2878 est,
1394 2824 1607 2868 notiones
1633 2823 1828 2866 eandem
1854 2822 1951 2864 vim

250 2881 421 2924 habere
460 2883 598 2938 πρὸς
628 2887 738 2938 τοὺς
768 2887 975 2938 ἀπόντας
1002 2889 1059 2941 τῆ
1095 2886 1174 2930 ὅτε
1207 2888 1279 2929 καὶ
1314 2886 1561 2958 παρόντων
1594 2884 1794 2927 ἐκείνων
1817 2884 1954 2936 ὕφει·-
