2066 3146
948 93 1315 146 —93—

286 225 552 270 conferatur
583 226 714 268 Lucr.
739 223 804 267 ΙΙΙ
835 229 891 268 95
928 226 976 267 in
1009 239 1094 281 quo
1127 223 1298 282 (animo
1324 223 1520 281 scilieet)
1554 225 1795 269 eonsilium
1825 226 1975 270 vitae

283 286 612 342 reyimenque
659 285 854 328 locatum
893 290 968 328 est.
1018 285 1064 327 et
1111 298 1149 327 v.
1185 282 1358 335 396597
1406 288 1448 328 et
1492 285 1638 340 mayis
1682 288 1746 327 est
1791 285 1975 328 animus

282 345 400 389 vitai
435 345 638 388 claustra
670 357 871 387 coercens
908 348 949 387 et
980 343 1365 388 domivzantior
1404 342 1475 386 ad
1513 343 1683 386 vitam
1723 357 1860 398 quam
1904 344 1975 388 vis

282 404 474 447 animai.
538 418 577 445 v.
605 407 629 444 5
664 403 912 458 ἀκηρα]σία
945 401 1025 445 cfr.
1051 401 1203 447 Praef.
1227 417 1271 458 p.
1297 401 1480 444 XXXII.

403 461 489 505 ool.
514 462 575 504 IV
617 477 654 504 v.
683 466 708 505 8
748 461 928 517 πῆγμα]
977 460 1057 504 cfr.
1100 461 1184 504 col.
1209 460 1230 503 I
1268 476 1308 503 v.
1345 465 1412 505 11.
1483 460 1565 504 sed
1603 460 1739 504 valde
1779 460 1974 513 dubium

281 523 354 565 est
384 520 775 577 supplementum.

401 610 469 654 fr.
502 609 591 653 XL
654 609 692 651 si
732 611 857 652 recte
897 607 1166 664 suppletum
1206 611 1297 663 eet,
1346 609 1407 651 ad.
1443 608 1566 652 hano
1605 608 1974 664 disputationem

282 668 340 713 de
382 668 669 725 praestantia
717 667 863 711 animi
906 666 1159 711 affectuum
1204 667 1498 712 referendum
1526 670 1628 712 est.
1678 694 1731 700 --
1781 667 1973 711 secundi

281 727 471 783 capitis,
520 742 610 783 quo
658 730 760 782 περὶ
813 728 1027 782 πράξεων
1074 727 1303 784 agebatur
1349 726 1446 782 (ofr.
1487 726 1543 770 fr.
1580 726 1744 782 XXIX)
1791 726 1971 769 nullum

279 787 594 843 fragmentum
628 788 861 830 servatum
894 788 977 830 est

399 876 468 920 fr.
501 875 610 921 LVI
672 889 859 932 prorsus
909 875 1073 919 eadem
1118 875 1351 919 sententia
1412 877 1510 918 erat
1556 856 1825 919 Democriti
1890 875 1971 918 ofr.

279 933 437 978 Senec.
481 935 537 977 de
577 934 646 978 ira
679 934 743 977 III
777 940 815 987 6
850 940 877 978 4
917 935 987 990 (fr.
1016 939 1041 978 3
1082 934 1338 978 Democriti
1378 933 1523 992 Diels)
1579 935 1789 990 proderit
1840 936 1972 979 ‘nobis

278 994 398 1037 illud
421 995 676 1038 Democriti
697 996 900 1039 salutare
918 999 1210 1051 praeceptum
1227 1007 1314 1049 quo
1338 999 1618 1038 monstoatur
1641 994 1972 1050 tranquillitas,

277 1054 320 1097 si
350 1068 491 1109 neque
515 1055 740 1110 privatim
771 1068 911 1110 neque
927 1054 1110 1109 publice
1134 1054 1278 1097 multa
1302 1054 1585 1107 autmaiora
1609 1055 1782 1097 viribus
1804 1054 1972 1097 nostris

276 1114 510 1169 eyerimus.
587 1113 668 1157 sed
707 1112 899 1169 Epicuri
946 1126 1130 1168 quoque
1178 1111 1396 1156 similiter
1441 1112 1569 1156 dicta
1608 1112 1839 1166 novimus3
1873 1111 1969 1157 efr.

279 1171 453 1214 Wotke
485 1171 514 1215 l.
542 1186 578 1215 ο.
621 1173 736 1216 sent.
764 1177 817 1215 21
861 1174 917 1216 οὐ
944 1174 1156 1227 βιαστέον
1188 1174 1276 1227 τὴν
1319 1174 1462 1227 φύσιν
1506 1173 1620 1217 ἀλλὰ
1651 1174 1879 1225 πειστέον,
1924 1173 1972 1215 et

275 1230 360 1286 Ep.
380 1245 451 1287 ep.
468 1231 511 1274 II
535 1235 590 1275 86
618 1232 733 1286 μήτε
756 1234 811 1276 τὸ
837 1233 1071 1276 ἀδύνατον
1096 1235 1170 1276 καὶ
1194 1233 1554 1287 παραβιάζεσθαι
1572 1233 1618 1274 et
1636 1245 1733 1287 κυρ.
1753 1233 1844 1276 δόξ.
1864 1230 1971 1274 XXI

276 1292 416 1335 οὐδὲν
463 1294 732 1346 προσδεῖται
779 1293 1066 1346 πραγμάτων
1122 1293 1308 1344 ἀγῶνας
1361 1292 1677 1346 κεκτημένων;
1737 1290 1969 1348 Diogenes

275 1349 531 1405 Epicureus
558 1351 683 1406 apud
702 1349 828 1394 Stob.
847 1350 945 1394 fior.
963 1349 1023 1392 IX
1043 1353 1099 1394 49
1126 1351 1265 1394 οὐδὲν
1281 1351 1399 1405 ὑπὲρ
1416 1352 1506 1405 τὴν
1522 1352 1718 1403 δύναμιν
1734 1351 1968 1405 πράττων.

393 1424 434 1452 v.
454 1415 479 1452 3
512 1412 750 1465 πράσσειν.
786 1424 878 1453 non
895 1409 1051 1452 Attice
1077 1409 1278 1464 dietum3
1312 1408 1392 1453 ofr.
1411 1409 1488 1453 Ue.
1509 1408 1562 1452 fr.
1582 1414 1665 1451 471
1695 1409 1756 1465 (p.
1776 1414 1876 1463 301,
1898 1411 1968 1466 14)

275 1470 590 1523 πυρέσσοντες
621 1469 706 1524 (sie
738 1469 966 1512 traditum
999 1470 1107 1524 est),
1141 1468 1195 1511 fr.
1223 1472 1277 1511 62
1311 1470 1372 1525 (p.
1402 1473 1499 1521 118,
1538 1472 1607 1525 19)
1641 1469 1881 1524 συνουσίη,
1913 1467 1967 1511 fr.

277 1530 361 1569 182
395 1530 456 1583 (p.
484 1532 582 1583 156,
612 1531 681 1585 17)
715 1529 964 1583 κυθριδίου.

393 1616 462 1660 fr.
490 1610 625 1661 LVII
664 1633 704 1661 v.
731 1622 755 1660 2
788 1620 816 1672 ἡ
853 1619 1052 1670 διάθεσις
1098 1616 1258 1674 magni
1298 1617 1522 1661 momenti
1563 1618 1634 1660 est
1673 1618 1734 1660 ad
1778 1616 1968 1661 beatam

273 1676 418 1718 vitam
452 1677 722 1732 parandam.
788 1676 869 1720 cfr.
903 1677 981 1721 Us.
1007 1676 1060 1720 fr.
1090 1681 1176 1720 548
1206 1679 1261 1721 τὸ
1295 1678 1515 1730 εὔδαιμον
1546 1679 1621 1720 καὶ
1654 1678 1878 1732 μακάριον
1910 1679 1967 1732 οὐ
2033 1686 2035 1690 “

274 1737 527 1790 χρημάτων
551 1739 728 1791 πλῆθος
744 1739 855 1780 οὐδὲ
879 1739 1167 1791 πραγμάτων
1191 1738 1330 1789 ὄγκος
1354 1736 1455 1780 οὐδ’
1478 1736 1614 1791 ἀρχαί
1636 1750 1757 1788 τινες
1780 1738 1966 1790 ἔχουσιν

273 1796 385 1839 οὐδὲ
417 1797 632 1848 δυνάμεις
657 1796 757 1840 ἀλλ’
780 1796 949 1840 ἀλυπία
974 1799 1047 1840 καὶ
1070 1797 1280 1851 πραότης
1302 1799 1468 1839 παθῶν
1493 1797 1566 1839 καὶ
1591 1796 1790 1848 διάθεσις
1813 1799 1968 1851 ψυχῆς

270 1855 326 1897 τὸ
360 1855 478 1898 κατὰ
510 1856 653 1909 φύσιν
685 1855 918 1910 ὁρίζουσα.
983 1854 1063 1899 cfr.
1097 1856 1153 1898 fr.·
1177 1854 1278 1897 LIX
1303 1859 1341 1897 9.

391 1927 430 1955 v.
460 1918 484 1954 4
517 1916 719 1968 χαλεπὸν
752 1915 983 1970 στρατεία.
1047 1914 1273 1958 orationis
1305 1913 1455 1957 forma
1495 1913 1662 1956 similis
1696 1916 1767 1958 est
1805 1914 1854 1956 in
1886 1913 1963 1957 Ue.

270 1971 327 2015 fr.
354 1976 439 2015 213
479 1975 568 2027 ἡδὺ
601 1977 630 2028 ἡ
673 1975 811 2029 φίλου
848 1974 1002 2029 μνήμη
1043 1975 1324 2029 τεθνηκότος
1362 1975 1408 2016 et
1447 1972 1620 2017 Wotke
1659 1972 1689 2016 l.
1716 1978 1752 2016 οἱ
1795 1974 1910 2016 sent.
1938 1977 1975 2016 9*

272 2033 415 2075 κακὸν
449 2033 641 2088 ἀνάγκη,
675 2033 774 2077 ἀλλ’
799 2033 996 2087 οὐδεμία
1028 2035 1205 2089 ἀνάγκη
1232 2036 1315 2088 ζῆν
1349 2034 1464 2087 μετὰ
1495 2034 1710 2088 ἀνάγκης.
1775 2031 1836 2075 ad
1865 2045 1965 2075 rem

271 2090 351 2133 cfr.
384 2091 506 2135 Plut.
534 2092 592 2134 de
624 2106 716 2136 oco.
750 2092 840 2135 viv.
890 2105 991 2148 cap.
1016 2091 1080 2134 III
1132 2107 1176 2149 p.
1214 2095 1328 2135 1128
1354 2090 1388 2133 F
1437 2092 1782 2166 Ἐπαμεινώνδᾳ
1821 2093 1965 2162 λέγεις

273 2150 355 2204 μὴ
390 2151 673 2205 orpafr'wet’

388 2224 428 2252 v.
457 2215 481 2252 6
523 2211 602 2253 cfr
629 2210 706 2254 Us.
724 2210 795 2253 fr.
822 2215 906 2254 565
948 2209 1100 2267 (Diog
1133 2210 1283 2253 Laert.
1317 2208 1358 2252 X
1391 2211 1493 2267 118)
1533 2211 1645 2254 ουδὲ
1683 2213 1963 2266 ῥητορεῦσαι

270 2272 422 2321 καλως
452 2269 722 2327 (Επικούρῳ
755 2270 911 2326 δοκεῖ).

392 2342 428 2371 v.
458 2333 480 2371 7
550 2333 756 2384 ταραχῆς
796 2331 953 2383 γέμον.
1031 2328 1249 2374 similiter
1293 2328 1503 2384 loquitur
1541 2327 1769 2383 Epicurus
1817 2320 1961 2371 etiam

271 2401 369 2441 κυρ.
411 2389 490 2432 δόξ
522 2387 650 2430 XVII
682 2391 707 2432 ὁ
748 2388 921 2441 δίκαιος
964 2389 1359 2443 ἀταρακτότατος,
1407 2389 1433 2431 ὁ
1457 2387 1508 2431 δ’
1546 2389 1701 2439 ἄδικος
1745 2387 1963 2442 πλείστης

270 2450 475 2501 ταραχῆς
505 2449 674 2501 γέμων

388 2519 429 2548 v.
456 2510 480 2547 8
516 2506 554 2550 εἰ
568 2512 721 2551 πεισαι
746 2508 971 2563 δύναται]
1003 2507 1032 2549 i.
1060 2520 1098 2551 e
1124 2506 1344 2562 eloquens
1370 2506 1507 2549 homo
1533 2504 1742 2562 agitatur
1764 2506 1811 2548 et
1835 2503 1962 2548 solli-

271 2563 478 2607 citudine
525 2567 739 2619 vexatur,
787 2581 898 2608 num
943 2565 1223 2622 persuadere
1260 2565 1429 2622 possit,
1476 2579 1589 2608 num
1627 2562 1802 2607 efficiat
1833 2564 1960 2618 quod

269 2622 382 2666 vult.
413 2622 582 2667 ultima
622 2625 855 2668 sententia
895 2627 967 2668 et
981 2625 1043 2667 ad
1080 2624 1301 2668 militiam
1333 2626 1380 2668 et
1411 2623 1471 2667 ad
1503 2622 1834 2681 eloquentiam
1856 2636 1959 2684 per-

268 2681 401 2724 tinet.
437 2682 591 2732 (aliter
621 2683 738 2728 Heb.
773 2685 831 2727 et.
865 2683 967 2726 Kal.
1001 2683 1283 2728 sententiam
1314 2682 1587 2755 intellegere
1619 2676 1867 2738 videntur.)
1935 2689 1939 2695 ·

390 2771 458 2814 fr.
486 2771 649 2817 LVIII
703 2752 764 2816 acl
794 2786 893 2817 rem
926 2771 1005 2816 cfr.
1040 2787 1138 2828 κυρ.
1174 2774 1252 2817 δόξ
1276 2771 1339 2814 IV
1371 2773 1427 2815 οὐ
1461 2772 1655 2826 χρονίζει
1686 2772 1741 2814 τὸ
1781 2773 1956 2824 ἀλγοῦν

267 2835 476 2884 συνεχῶς
508 2833 556 2874 ἑν
588 2836 645 2888 τῇ
673 2833 827 2888 σαρκί,
860 2833 975 2877 ἀλλὰ
1005 2833 1061 2878 τὸ
1096 2833 1179 2885 μὲν
1217 2833 1360 2886 ἄκραν
1390 2831 1474 2876 τὸν
1507 2831 1747 2884 ἐλάχιστον
1786 2831 1956 2884 χρόνον

269 2891 483 2944 πάρεστι,
524 2892 577 2933 τὸ
618 2892 668 2934 δὲ
710 2892 851 2943 μέσον
893 2894 1010 2945 κτλ.,
1059 2893 1105 2934 et
1136 2890 1220 2946 Ep.
1248 2903 1317 2946 ep.
1342 2889 1407 2935 III
1442 2893 1524 2934 133
1682 2890 1737 2933 τὸ
1777 2890 1827 2933 δὲ
1858 2893 1956 2933 τῶν
