2066 3146
2 251 33 335 V*
112 255 266 300 Hense
312 257 502 299 revocat
549 269 631 298 nos
681 256 740 298 ad
786 255 877 299 Cic.
903 255 1039 299 Tusc.
1078 255 1113 298 V
1147 260 1217 310 37,
1254 259 1357 308 1083
1419 256 1542 299 Plut.
1591 257 1648 300 de
1696 256 1802 301 exil.

110 330 158 371 p.
192 319 278 358 600
305 314 358 367 Ἐς
406 314 558 371 Epict.
591 314 701 358 diss.
733 315 754 357 I
778 319 820 368 9,
858 321 902 367 13
950 313 1053 358 Sen.
1088 314 1198 358 dial.
1218 314 1300 359 VII
1323 319 1393 367 20,
1420 321 1461 368 5,
1500 315 1563 358 IX
1588 320 1629 370 4,
1654 321 1696 369 4,
1730 329 1804 372 ep.

112 378 183 427 28,
210 379 250 417 4.
322 373 443 416 adde
490 372 582 417 Cic.
631 373 688 416 de
736 374 825 418 div.
858 374 879 417 1
911 378 982 427 57,
1017 378 1100 417 137
1149 388 1251 418 cum
1295 374 1456 419 domus
1499 375 1561 419 sit
1601 376 1804 419 omnium

111 448 209 477 una
256 447 394 488 eaque
439 435 700 477 communis.
763 432 961 477 fortasse
999 433 1094 476 iam
1134 433 1387 490 Epicurum
1425 434 1582 490 ipsum
1621 448 1676 477 ex
1715 433 1802 477 hac

114 492 347 535 sententia
370 495 673 547 praeceptum
697 507 832 535 suum
849 493 1096 543 derivasse,
1121 506 1214 547 quo
1233 493 1371 536 docet
1395 497 1456 548 μὴ
1481 495 1804 537 πολιτεύεσθαι

109 554 194 596 τὸν
235 553 402 606 σοφόν,
436 551 692 594 arbitratur
724 551 910 595 Usener.
974 552 1055 595 sed
1088 566 1142 595 ex
1179 551 1394 595 omnibus
1427 565 1546 607 quae
1576 552 1802 595 habemus

112 611 170 653 de
212 610 301 653 hac
343 625 392 653 re
429 610 711 653 testimoniis
759 610 854 666 (Us.
879 611 935 654 fr.
961 615 987 653 8
1021 613 1067 654 et
1100 615 1139 664 9,
1175 615 1258 654 552
1278 613 1380 666 sqq)
1430 613 1648 667 apparet,
1694 611 1802 655 ideo

112 671 302 712 tantum
341 669 601 725 sapientem
632 669 912 726 Epicureum
952 670 1189 714 abstinere
1221 683 1250 713 a
1280 671 1486 727 gerenda
1515 685 1565 713 re
1596 670 1801 727 publica,

111 743 170 772 ne
201 727 442 772 molestias
474 728 662 772 habeat.
723 729 885 784 itaque
927 728 1039 783 illis,
1078 729 1248 786 quibus
1290 729 1437 773 nimia
1478 730 1650 786 cupido
1682 730 1806 774 inest

111 788 300 831 honoris
341 789 387 830 et
424 787 678 843 potentiae,
723 788 950 844 Epicurus
981 788 1125 845 plane
1156 789 1344 842 suadet,
1383 791 1438 832 ut
1476 788 1807 832 administrent

110 862 208 890 rem
238 847 497 902 publicam,
522 848 648 915 ‘quia
687 848 726 890 si
766 847 1078 904 cupiditatem
1117 861 1251 891 suam
1290 824 1574 902 coercerent,
1615 863 1669 891 ex
1707 848 1804 892 otio

110 906 215 962 ipso
255 906 399 949 etiam
438 906 637 950 maiores
678 906 735 949 iis
777 907 1065 950 exorirentur
1106 907 1351 951 molestiae
1390 908 1462 963 (fr.
1489 912 1574 951 555
1608 910 1655 950 et
1687 910 1805 976 557).

112 965 240 1022 quod
284 965 358 1008 vix
398 966 628 1020 suaderet,
673 966 711 1009 si
749 966 1009 1022 sapientem
1052 966 1111 1010 ob
1155 980 1258 1010 eam
1290 980 1494 1020 causam,
1538 967 1649 1022 quia
1692 967 1805 1010 civis

113 1024 318 1069 universi
362 1026 499 1079 esset,
541 1039 639 1068 rem
683 1025 922 1081 publicam
966 1025 1207 1069 vitandam
1250 1040 1350 1070 esse
1394 1029 1616 1070 censeret.
1690 1025 1807 1069 mihi

112 1083 304 1139 quidem
334 1084 486 1141 magis
518 1085 702 1127 videtur
732 1085 820 1128 hoc
842 1087 1146 1141 praeceptum
1177 1084 1272 1128 illis
1294 1085 1601 1141 temporibus,
1633 1085 1803 1140 quibus

113 1156 170 1187 ex
215 1143 430 1186 omnibus
478 1143 762 1200 disciplinis,
806 1144 1133 1199 quodcumque
1179 1144 1406 1201 placeret,
1446 1143 1709 1201 eligeretur,
1756 1144 1806 1187 in

113 1202 415 1259 disciplinam
462 1203 740 1259 Epicuream
786 1206 1143 1248 transmanasse.
1222 1217 1506 1259 quamquam
1552 1204 1808 1248 conceden-

113 1261 227 1304 dum
259 1264 332 1306 est
362 1261 482 1305 nihil
522 1275 681 1306 eorum
721 1276 841 1318 quae
882 1263 1109 1319 Epicurus
1150 1262 1310 1306 docuit
1358 1277 1464 1306 cum
1502 1263 1589 1306 hoc
1629 1262 1808 1319 placito

113 1334 340 1378 pugnare.

232 1395 272 1423 v.
301 1385 353 1424 11
403 1383 682 1436 συναρπάζω
729 1383 900 1425 οὐδένα
946 1386 1191 1436 μαρτυρεῖν
1249 1395 1332 1437 pro
1381 1383 1503 1425 ὥστε
1558 1387 1805 1436 μαρτυρεῖν

113 1439 210 1483 dici
240 1439 439 1494 videtur,
474 1439 554 1483 cfr.
580 1440 729 1484 Praef.
757 1456 801 1497 p.
826 1440 960 1484 XLV.
1015 1439 1206 1484 verbum
1231 1442 1511 1495 συναρπάζω
1543 1440 1632 1484 hac
1664 1439 1810 1497 signi-

116 1499 337 1542 ficatione
368 1513 526 1555 capere
557 1501 764 1544 animum
795 1501 892 1543 eius
922 1501 1003 1556 qui
1032 1499 1168 1543 audit
1198 1498 1371 1543 dicitur
1410 1500 1553 1543 etiam
1593 1499 1651 1542 ab
1684 1500 1811 1543 Ano-

23 1573 26 1575 ·
113 1571 255 1613 nymo
294 1558 343 1601 in
378 1558 518 1602 Arist.
544 1558 679 1602 Rhet.
707 1559 777 1603 ed.
804 1559 885 1602 Ac.
911 1559 1011 1602 Ber.
1052 1561 1163 1602 tom.
1197 1558 1315 1612 XXI,
1342 1563 1368 1602 2
1401 1574 1446 1615 p.
1472 1564 1543 1612 46,
1569 1564 1597 1602 4
1622 1561 1808 1615 (συναρ-

112 1619 306 1663 πάζεται
337 1620 363 1662 ὁ
396 1619 645 1675 ἀκροατής)
678 1620 724 1661 et
756 1632 783 1662 a
817 1618 1053 1674 Stephano
1084 1617 1135 1660 in
1166 1617 1306 1662 Arist.
1332 1618 1467 1661 Rhet.
1501 1618 1573 1662 ed.
1599 1619 1680 1662 Ac.
1706 1618 1809 1662 Ber.

116 1676 225 1719 XXI
254 1691 299 1732 p.
326 1681 427 1731 299,
452 1681 479 1720 8
512 1680 838 1733 (συναρπάζειν
868 1679 953 1721 τὸν
985 1678 1252 1733 ἀκροατήν).

234 1735 320 1780 col.
345 1736 411 1780 III
447 1751 489 1780 v.
519 1743 539 1779 1
581 1743 679 1790 τοῖς
718 1739 917 1791 λέγουσι,
962 1751 1081 1792 quae
1112 1737 1322 1793 proxime
1361 1736 1421 1779 ad
1452 1736 1678 1791 reliquias
1719 1750 1812 1779 ser-

114 1796 250 1838 vatas
283 1796 526 1850 accedunt,
559 1796 688 1839 nullo
719 1797 857 1840 modo
890 1799 1019 1839 recta
1053 1809 1152 1839 esse
1183 1798 1392 1852 possunt.
1454 1795 1578 1839 Nam
1611 1795 1810 1851 scriptor

116 1853 326 1898 animum
351 1869 509 1899 eorum
533 1856 615 1910 qui
640 1855 805 1912 legunt
827 1869 881 1899 eo
905 1858 1093 1899 tantum
1116 1855 1254 1899 modo
1273 1868 1440 1911 capere
1465 1856 1811 1911 (συναρπάζειν)

113 1916 286 1970 potest,
316 1916 371 1958 ut
401 1915 661 1958 concedant
693 1929 749 1959 ea
779 1928 887 1958 vera
918 1928 1019 1958 esse
1050 1928 1170 1969 quae
1201 1914 1282 1958 ille
1313 1915 1416 1971 ipse
1449 1914 1590 1967 dicat,
1630 1927 1724 1957 non
1755 1927 1812 1958 ea

121 1987 243 2029 quae
276 1972 359 2017 alii
392 1974 566 2017 dicant.

235 2048 275 2076 v.
302 2038 327 2076 2
375 2033 578 2090 exempli
626 2046 769 2076 causa
816 2033 982 2090 scripsi
1029 2034 1324 2087 ἑὸογμάτισα.
1403 2031 1492 2075 hoc
1540 2031 1813 2088 scriptorem

117 2092 291 2135 dixisse
322 2094 452 2148 puto,
486 2105 534 2135 se
565 2091 686 2135 nihil
717 2091 948 2136 affirmare
980 2091 1123 2135 nullis
1156 2091 1333 2135 additis
1365 2091 1668 2148 argumentis.

238 2166 278 2194 v.
304 2156 332 2194 4
371 2154 696 2207 περιθεωρεῖτε
734 2152 765 2196 i.
791 2165 830 2196 e.
871 2152 929 2195 ab
967 2151 1182 2195 omuibus
1217 2151 1446 2207 partibus,
1487 2153 1624 2194 acute
1661 2150 1812 2194 consi-

116 2210 280 2255 derare
312 2213 360 2255 et
392 2211 670 2254 examinare.

235 2284 277 2313 v.
304 2270 386 2328 6s7
423 2272 488 2323 ὡς
531 2273 604 2314 καὶ
648 2272 861 2326 ἔνανχος]
905 2270 1103 2314 fortasse
1146 2269 1256 2313 inde
1301 2282 1330 2312 a
1361 2268 1415 2312 fr.
1442 2268 1592 2312 XXIII
1639 2267 1727 2312 col.
1751 2268 1817 2312 III

117 2343 158 2372 v.
187 2333 257 2372 13.

236 2403 278 2432 v.
306 2393 359 2431 10
393 2390 638 2443 ἐφιστάναι
665 2388 851 2444 scripsi,
899 2388 994 2431 iam
1018 2387 1135 2431 Heb.
1162 2389 1210 2431 et
1234 2387 1334 2431 Kal.
1367 2403 1413 2444 p.
1439 2392 1525 2430 433
1558 2389 1813 2443 ἐφεστάναι

117 2461 146 2491 a
170 2460 220 2491 se
244 2447 514 2504 suppletum
538 2447 760 2490 dubitant
781 2462 892 2490 num
917 2451 1098 2491 rectum
1122 2446 1197 2500 sit,
1222 2447 1348 2502 quod
1374 2446 1607 2504 Diogenes
1633 2460 1817 2503 semper

116 2506 330 2564 longiore
362 2507 510 2550 forma
542 2509 786 2563 ἑστηκέναι
817 2508 988 2550 utatur.
1052 2507 1299 2561 ἐφιστάναι
1336 2507 1427 2550 τινί
1465 2508 1672 2551 animum
1711 2519 1814 2550 con-

117 2572 283 2610 vertere
306 2569 357 2609 in
380 2567 561 2622 aliquid
584 2566 695 2610 inde
720 2565 778 2609 ab
804 2565 1057 2610 Aristotele
1080 2579 1173 2609 non
1197 2565 1402 2608 insolens
1428 2567 1512 2609 est.
1554 2565 1635 2609 cfr.
1662 2564 1813 2608 Praef.

240 2700 283 2728 v.
311 2689 366 2728 13
399 2686 768 2741 ἐπιστρέφοντας
797 2683 1093 2728 intransitive
1126 2683 1307 2726 scilicet
1338 2683 1538 2738 dictum,
1582 2691 1636 2727 ut
1677 2696 1817 2739 saepe

118 2744 379 2800 posteriore
421 2746 589 2787 aetate.
666 2743 865 2800 scriptor
906 2744 1066 2787 monet
1109 2743 1231 2787 cives
1275 2756 1397 2795 suos,
1443 2755 1503 2786 ne
1547 2741 1737 2786 confuse
1770 2743 1819 2785 et
1862 2769 1868 2773 ·

120 2803 351 2859 permixte
376 2805 625 2860 (ποικίλως)
650 2806 752 2847 tum
775 2803 896 2846 hanc
919 2804 1022 2846 tum
1045 2801 1177 2845 illam
1207 2801 1258 2844 in
1282 2803 1465 2857 partem
1496 2801 1816 2858 inscriptionis

120 2863 399 2907 convertant
437 2863 610 2917 oculos,
653 2865 707 2906 ut
744 2863 1096 2918 praetereuntes
1137 2860 1291 2904 facere
1330 2860 1484 2906 solent
1522 2863 1571 2904 et
1609 2860 1705 2904 otio
1745 2862 1816 2903 ta-

125 2920 368 2965 bescentes
399 2921 634 2976 homines,
675 2922 755 2965 sed
796 2923 849 2964 ut
888 2920 947 2964 ab
985 2920 1123 2964 initio
1164 2934 1218 2963 ex
1261 2919 1423 2964 ordine
1456 2919 1617 2964 omnia
1643 2920 1817 2977 legant.
