2066 3146
829 100 1166 143 -Xffl-

155 246 407 292 servatum
438 243 496 289 fr.
528 242 622 289 inc.
653 257 701 302 p.
731 243 796 288 27
830 240 994 288 media
1015 233 1077 306 O)
1111 241 1171 287 ab
1204 241 1481 288 Austriacis
1514 240 1844 302 disputationi

156 318 214 365 de
248 319 496 365 senectute
528 315 769 362 insertum
800 314 882 362 vix
913 314 1007 361 huc
1038 316 1266 376 pertinet,
1299 316 1533 375 quoniam
1568 330 1595 360 a
1631 312 1843 361 Cousino

136 392 502 453 ,mutilatorum
535 388 758 450 lapidum
791 389 830 435 ii
859 389 1057 435 tantum
1089 389 1390 450 „fragments
1422 385 1717 436 incertains“
1758 403 1842 449 ap-

155 466 420 528 pellantur,
453 463 541 525 qui
572 463 739 524 parvis
763 461 945 510 litteris
969 463 1197 523 inscripti
1222 464 1336 510 sunt
1362 454 1471 527 (cfr.
1499 461 1641 509 Cous.
1667 479 1713 523 p,
1734 454 1843 527 60).

269 539 375 586 Hoc
411 536 556 584 modo
604 535 895 598 fragmentis
943 551 1060 584 suae
1102 552 1294 597 quoque
1336 536 1663 598 disputationi
1704 537 1845 582 attri-

156 613 292 660 butis
332 611 640 659 considerare
672 624 865 657 necesse
905 611 993 670 est,
1034 626 1181 671 quem
1211 610 1376 658 locum
1416 611 1469 657 in
1507 610 1683 657 harum
1723 624 1843 657 una-

159 701 356 748 quaque
387 687 602 733 teneant.
651 699 708 731 ac
738 686 953 746 primum
985 684 1184 745 quidem
1216 684 1275 731 de
1307 683 1652 732 dissertatione
1685 683 1844 731 ethica

158 774 377 823 agamus.
435 759 646 806 editores
687 757 847 806 adhuc
888 774 995 805 eam
1035 759 1194 822 legem
1226 760 1380 806 secuti
1413 760 1540 821 sunt,
1580 761 1636 804 ut
1669 758 1845 819 quinto

157 834 344 882 decimo
384 833 472 880 illo
515 846 657 879 versu
689 832 832 894 quasi
871 847 1044 879 norma
1082 832 1344 880 ordinandi
1382 834 1654 880 uterentur.
1731 847 1846 878 nam

156 907 422 955 verisimile
469 921 572 954 esse
620 908 922 968 putaverunt
961 907 1228 955 sententias
1273 905 1446 954 eodem
1486 906 1653 953 ordine
1694 906 1846 952 aliam

159 982 311 1029 aliam
342 981 600 1042 excepisse,
641 997 788 1042 quem
818 979 970 1028 habet
1000 981 1370 1044 gnomologium
1402 980 1526 1027 illud
1558 979 1691 1042 apud
1730 979 1845 1026 Dio-

158 1072 331 1120 genem
362 1055 620 1102 Laertium
653 1056 917 1114 servatum,
949 1051 1132 1114 κυρίας
1165 1051 1328 1114 δόξας
1361 1069 1482 1116 quas
1522 1056 1715 1101 vocant.
1764 1053 1848 1101 sed

156 1130 250 1177 hoc
302 1145 401 1177 non
447 1129 577 1176 idem
616 1143 718 1176 esse
759 1145 817 1175 ex
871 1128 953 1175 frr.
992 1130 1081 1189 76,
1125 1130 1190 1175 77
1227 1121 1329 1194 (L),
1371 1123 1525 1192 80s81
1571 1121 1847 1194 (XLVIII),

161 1206 229 1252 84
270 1196 407 1269 (LV)
455 1203 790 1266 cognoscitur,
836 1203 1021 1264 quippe
1069 1217 1195 1263 quae
1241 1201 1381 1250 nobis
1428 1203 1698 1264 praebeant
1736 1201 1847 1249 reli-

158 1279 302 1339 quias
343 1277 713 1337 sententiarum,
755 1292 878 1338 quas
919 1277 1164 1340 Diogenes
1196 1276 1426 1324 Laertius
1458 1291 1558 1324 non
1588 1276 1759 1336 habet,
1800 1279 1847 1323 et

157 1353 290 1399 inter
328 1364 437 1411 κυρ.
471 1348 578 1399 δόξ.
611 1350 684 1396 VI
716 1353 765 1397 et
796 1350 922 1397 VIII
960 1350 1098 1398 deest
1137 1353 1368 1412 septima,
1411 1354 1467 1398 ut
1507 1366 1563 1398 ex
1601 1351 1660 1399 fr.
1690 1344 1843 1412 66s67

161 1419 367 1491 (XLIV)
409 1425 732 1488 cognoscitur.
795 1425 928 1486 quod
967 1440 1097 1472 nunc
1134 1426 1235 1471 iam
1275 1427 1432 1488 magis
1473 1427 1695 1486 apparet,
1735 1439 1846 1471 cum

160 1501 314 1547 etiam
364 1500 448 1546 frr.
482 1486 698 1545 27-32
741 1491 1113 1565 (LVI—LXI),
1166 1514 1292 1560 quae
1344 1499 1407 1547 ad
1459 1499 1592 1546 idem
1647 1513 1847 1562 gnomo-

158 1573 348 1636 logium
398 1573 643 1634 pertinere
694 1588 772 1620 me
821 1572 1056 1634 probasse
1108 1588 1271 1634 spero,
1319 1573 1587 1621 sententias
1633 1572 1849 1620 habeant

160 1663 287 1710 quae
334 1647 467 1708 apud
512 1646 781 1710 Diogenem
826 1646 1080 1694 Laertium
1127 1663 1223 1694 non
1271 1647 1604 1695 inveniantur.
1689 1646 1849 1695 simile

158 1721 313 1784 igitur
350 1721 443 1769 hoc
489 1721 859 1785 gnomologium
907 1725 982 1768 est
1018 1721 1117 1781 illi,
1157 1721 1289 1782 quod
1329 1738 1486 1783 nuper
1523 1723 1781 1769 inventum
1822 1736 1849 1766 a

159 1795 363 1843 Wotkio
411 1788 599 1861 (Wien.
648 1794 783 1842 Stud.
825 1795 869 1841 X
919 1796 1018 1842 191
1050 1789 1180 1860 sqq.)
1230 1795 1417 1843 editum
1465 1799 1550 1843 est.
1636 1812 1750 1842 nam
1798 1795 1850 1841 in

160 1869 248 1917 illo
297 1885 490 1930 quoque
535 1870 667 1916 inter
713 1869 837 1917 alias
893 1871 1161 1917 sententias
1214 1866 1396 1929 κυρίας
1445 1867 1605 1929 δόξας
1654 1884 1850 1931 sparsas

162 1958 264 1991 esse
304 1943 542 2003 videmus,
581 1945 631 1990 et
662 1958 744 1991 eas
784 1942 997 2005 quidem,
1031 1943 1161 2004 quod
1204 1960 1333 1991 nunc
1372 1944 1574 1991 maximi
1613 1945 1852 1991 momenti

162 2020 250 2076 est,
289 2033 387 2064 non
426 2017 513 2064 illo
545 2017 715 2064 ordine
746 2017 1012 2065 Laertiano
1053 2018 1149 2064 nisi
1187 2019 1346 2065 initio.
1397 2019 1567 2080 itaque
1606 2033 1704 2065 non
1737 2018 1851 2064 licet

163 2106 353 2138 sumere
384 2091 477 2138 hoc
513 2090 570 2138 de
603 2106 700 2152 quo
732 2090 983 2153 loquimur
1013 2092 1382 2155 gnomolog-ium
1413 2090 1602 2139 Laertii
1634 2106 1852 2140 servasse

164 2164 400 2212 ordinem.
438 2191 499 2197 —
537 2180 663 2226 quae
702 2179 816 2212 cum
853 2166 927 2212 ita
966 2166 1079 2225 sint,
1119 2166 1311 2212 nullum
1349 2166 1402 2212 in
1441 2167 1587 2213 huius
1628 2165 1851 2228 disputa-

163 2238 315 2286 tionis
360 2238 651 2300 fragmentis
699 2239 982 2286 ordinandis
1034 2240 1268 2287 habemus
1315 2242 1569 2287 externum
1614 2239 1853 2287 indicium

163 2313 260 2360 nisi
298 2319 426 2372 tum,
466 2328 577 2359 611111
617 2313 834 2360 eiusdem
873 2313 1145 2361 sententiae
1184 2314 1423 2375 reliquiae
1462 2316 1514 2362 in
1554 2314 1743 2362 duobus
1782 2314 1852 2360 la-

164 2386 362 2448 pidibus
401 2388 715 2448 reperiuntur
754 2379 835 2453 (fr.
872 2389 938 2435 62
973 2389 1023 2434 et
1056 2388 1122 2435 63
1150 2409 1206 2425 =
1230 2382 1429 2454 XLVI).
1508 2391 1853 2451 argumentum

164 2461 330 2522 ipsum
367 2460 508 2509 nobis
550 2461 670 2508 satis
708 2460 879 2508 indicii
919 2477 1021 2509 esse
1062 2461 1218 2509 debet.

277 2533 444 2596 Atque
475 2535 560 2581 frr.
589 2535 658 2582 60
683 2537 732 2582 et
759 2536 823 2582 61
861 2529 1056 2600 (XXHI
1086 2538 1136 2582 et
1166 2529 1352 2601 XXIV)
1386 2537 1531 2585 initio
1564 2537 1735 2599 scripti
1767 2538 1851 2583 tri·

166 2607 360 2655 buenda
398 2623 502 2656 esse
542 2611 765 2671 apparet,
805 2625 917 2657 cum
955 2609 1218 2657 manifesto
1256 2610 1319 2658 ad
1350 2612 1708 2672 praefationem
1748 2627 1855 2672 per-

165 2682 373 2729 tineant.
465 2682 796 2746 fragmentum
845 2684 912 2731 63
961 2676 1170 2749 (XXIX)
1226 2689 1413 2745 autem,
1467 2685 1599 2746 quod
1648 2701 1750 2732 rem
1806 2687 1884 2747 et,

166 2756 491 2817 partitionem
512 2757 585 2805 rei
615 2756 818 2816 indicat,
849 2757 990 2805 nobis
1021 2757 1257 2819 praesidii
1288 2758 1480 2820 aliquid
1504 2759 1722 2821 praebet,
1756 2773 1854 2820 quo

167 2829 220 2876 in
275 2829 551 2892 digerendis
605 2832 780 2879 ceteris
835 2831 1126 2895 fragmentis
1181 2834 1257 2879 uti
1309 2833 1471 2880 liceat.
1550 2833 1671 2880 dicit
1723 2833 1854 2880 enim

169 2903 381 2965 scriptor
442 2919 492 2952 se
554 2907 769 2966 primum
832 2903 952 2966 περὶ
1014 2902 1437 2966 καταστημάτων
1500 2906 1674 2955 deinde
1736 2904 1856 2966 περὶ
