2066 3146
760 166 830 171 --
909 135 1126 187 97-

15 264 20 267 ⁴
94 265 227 309 vitae
253 266 406 320 quam
427 278 607 332 corpus.
670 265 781 308 inde
811 267 976 322 postea
1013 264 1232 334 effectum
1271 279 1371 310 esse
1411 267 1662 311 verisimile
1706 271 1789 324 est,

88 324 243 369 etiam
276 322 472 367 affectus
514 324 659 367 animi
696 324 846 368 mul-to
885 324 1076 368 maioris
1109 339 1210 369 esse
1248 325 1475 369 momenti
1514 340 1654 382 quam
1694 342 1790 371 cor-

88 383 223 440 :poris
255 382 340 438 (sic
370 383 466 426 iam
501 382 705 439 Usener)
775 419 777 422 .

218 441 302 486 col.
327 441 349 484 I
378 456 419 485 v.
448 446 575 485 2—5.
639 442 740 485 Hac
766 442 890 486 enim
914 444 964 486 in
988 456 1038 487 10
1062 443 1291 499 Epicurus
1324 443 1544 488 dissentit
1574 458 1603 488 a
1626 445 1792 490 Demo-

91 501 230 557 crito,
269 501 350 556 qui
383 502 588 557 corporis
623 502 791 545 atomis
832 502 1029 558 singulis
1071 503 1279 560 singulas
1320 503 1507 548 animae
1546 505 1792 549 adiunctas

33 566 36 568 ’
98 575 197 605 esse
234 561 404 615 voluit,
452 562 651 604 eundem
697 561 845 618 igitur
882 575 1127 605 numerum
1174 562 1338 606 harum
1380 565 1427 605 et
1470 562 1660 607 illarum
1691 577 1792 609 esse

96 620 298 683 putavit.
333 619 415 670 cfr.
442 620 574 663 Lucr.
602 620 666 663 III
698 625 841 664 370—
848 625 947 664 395.

160 727 162 733 .
218 694 256 722 v.
282 684 308 722 5
357 677 438 723 cfr.
472 678 605 735 Diog.
635 680 785 723 Laert.
811 679 853 722 X
894 685 918 734 ξ
945 685 999 723 67
1034 680 1128 736 (Us.
1171 696 1214 736 p.
1250 686 1302 723 21
1340 681 1794 738 scholion)...xa1

95 740 151 783 τὸ
175 724 282 792 μέν
327 754 386 782 τι.
417 740 589 791 ἄλογον
636 741 782 794 αὐτῆς
827 741 1035 797 (ψυχῆς),
1093 742 1118 784 ὃ
1165 746 1234 797 τῷ
1281 744 1428 785 λοιπῶ
1467 717 1791 798 παρεσπάρθαι

98 800 296 850 σώματι·
336 800 391 842 τὸ
418 799 470 843 δὲ
492 801 678 852 λογικὸν
703 801 752 843 ἐν
777 805 845 856 τῳ
877 801 1110 854 θώρακι..
1131 818 1194 854 ..;
1243 799 1322 843 cfr.
1349 786 1482 844 Lucr.
1499 800 1564 843 ΠΙ
1599 805 1681 843 136
1693 815 1791 857 sqq.

214 872 257 902 v.
283 861 375 900 8—
389 861 442 900 10
489 859 707 903 διέζωσεν
747 863 821 902 καὶ
861 860 1087 914 ἀντέδησε
1127 861 1433 916 δεζμουμένη]
1465 862 1794 917 constrinyitur

98 932 128 960 a
144 930 342 973 corpore,
356 930 602 974 rwrsusque
617 932 781 972 corpus
796 919 1077 974 emastrinyit.
1112 917 1329 961 similiter
1345 918 1477 963 Lucr.
1495 919 1559 962 ΠΙ
1584 924 1668 962 323
1685 922 1794 965 haec

98 977 240 1034 ἱρέων
262 981 436 1021 natwra
459 978 538 1031 (sc.
566 977 740 1033 anima)
757 983 934 1022 tenetur
948 990 1132 1033 corpore
1147 978 1207 1022 ab
1223 979 1362 1032 omni,
1387 980 1576 1034 ipsaque
1591 980 1794 1035 corporis

98 1040 163 1080 est
190 1041 338 1080 custos
369 1041 409 1080 et
439 1049 583 1081 amsa
611 1038 789 1081 salutis.
853 1037 910 1079 de
942 1038 1152 1091 tempore
1185 1037 1266 1080 cfr.
1300 1037 1451 1081 Praef.
1483 1053 1527 1093 p.
1554 1037 1710 1082 XLIV.

90 1125 94 1129 -
215 1109 257 1138 v.
293 1100 346 1138 12
395 1097 602 1141 ἄπλατον
648 1097 787 1153 γάλα]
835 1096 892 1140 de
940 1109 1050 1139 voce
1101 1098 1306 1149 ἄπλατος
1346 1099 1425 1153 (·=
1452 1099 1665 1154 ἄπλετος)
1711 1098 1792 1142 cfr.

99 1153 248 1199 Praef.
282 1169 327 1210 p.
354 1154 584 1200 XXXVII.

87 1240 90 1244 ·
216 1229 261 1258 v.
288 1219 343 1258 13
355 1228 455 1269 sqq.
509 1214 599 1258 toti
630 1214 740 1258 huic
764 1214 867 1258 loco
899 1213 1066 1258 similis
1092 1216 1164 1258 est
1193 1214 1323 1258 locus
1349 1216 1430 1271 qui
1461 1215 1636 1272 legitur
1667 1217 1795 1272 apud

100 1273 229 1329 Epic.
257 1286 328 1330 ep.
352 1273 375 1317 I
407 1278 476 1325 65,
524 1274 607 1317 ubi
638 1275 823 1318 animae
845 1274 1046 1329 tantum,
1092 1287 1185 1317 non
1224 1275 1406 1330 corpori
1446 1288 1632 1318 sensum
1662 1276 1795 1319 inna-

91 1334 201 1376 -tum
248 1346 349 1377 esse
395 1334 644 1389 probatur,
699 1338 747 1377 et
791 1333 924 1377 Lucr.
964 1348 1005 1377 v.
1048 1337 1206 1376 396-
1220 1338 1322 1388 416,
1369 1334 1539 1389 quibus
1587 1335 1796 1378 animum

100 1392 291 1436 maioris
337 1393 564 1436 momenti
610 1406 710 1436 esse
757 1406 900 1449 quam
955 1392 1162 1436 animam
1216 1393 1277 1436 ad
1325 1394 1601 1437 servandam
1645 1394 1794 1438 vitam

92 1451 310 1496 docetur.
380 1452 462 1495 sed
502 1451 818 1496 confitendum
857 1453 949 1504 est,
982 1465 1039 1496 ea
1078 1465 1198 1507 quae
1238 1451 1438 1508 legimus
1479 1453 1536 1497 de
1575 1453 1796 1497 membris

103 1511 322 1554 abscissis
356 1512 403 1554 et
426 1511 603 1555 talibus
633 1512 773 1555 'rebus
806 1511 867 1554 ad
898 1510 1006 1555 illas
1031 1511 1222 1567 Epicuri
1247 1514 1295 1555 et
1319 1511 1523 1555 Lucretii
1549 1526 1798 1570 argumen-

102 1571 305 1614 tationes
337 1570 485 1614 multo
518 1571 675 1627 aptius
709 1570 865 1614 afferri
905 1585 1046 1626 quam
1090 1571 1151 1614 ad
1183 1571 1318 1614 hanc.
1381 1586 1490 1614 nam
1530 1572 1569 1615 si
1609 1572 1794 1626 dicitur,

97 1643 293 1686 ‘corpore
325 1629 575 1675 debilitato
598 1630 673 1674 vel
697 1630 915 1678 mutilato
938 1632 1098 1673 tamen
1130 1631 1336 1674 animam
1363 1644 1549 1674 sensnm
1580 1631 1795 1685 retinere,

102 1689 186 1733 sed
218 1688 376 1733 anima
408 1689 603 1746 expulsa
635 1703 801 1745 corpus
832 1704 1089 1745 numquam
1122 1689 1294 1733 sentire
1318 1690 1531 1745 quamvis
1562 1690 1798 1748 integrum

104 1748 190 1809 sit„
217 1748 307 1804 hac
346 1749 537 1803 quidem
569 1763 625 1792 ex
655 1763 705 1792 re
738 1748 953 1793 concludi
984 1751 1155 1805 potest,
1196 1749 1403 1791 animam
1448 1748 1594 1793 solam
1635 1763 1796 1794 sensus

103 1821 294 1852 causam
325 1820 440 1863 esse,
473 1808 733 1864 corpusque
766 1808 805 1851 si
838 1808 1013 1852 sentiat
1035 1811 1282 1864 praesente
1314 1809 1484 1862 anima,
1517 1822 1703 1852 sensum
1735 1809 1795 1853 ab

91 1866 189 1911 ’1118
234 1868 417 1910 tantum
463 1870 679 1911 mutuum
725 1867 911 1912 habere.
982 1867 1224 1912 Lucretius
1272 1881 1457 1924 quoque
1504 1869 1603 1912 iure
1642 1869 1798 1912 dicere

102 1928 272 1983 potest,
304 1927 488 1971 animae
514 1927 950 1984 quidem'magnam
981 1929 1162 1983 partem
1185 1927 1420 1971 hominem
1451 1928 1660 1983 perdere,
1692 1942 1798 1972 cum

97 1985 323 2033 ‚membra
344 1986 514 2042 perdat
545 1987 672 2044 (nam
704 1987 890 2030 animae
923 1986 1102 2030 semina
1131 1999 1216 2043 per
1247 1988 1399 2030 totum
1432 2000 1596 2043 corpus
1638 1987 1799 2030 distri-

99 2044 221 2105 ·buta
253 2047 400 2102 sunt),
447 2058 598 2104 neque
645 2048 802 2089 tamen
847 2045 981 2100 mori,
1029 2046 1068 2089 si
1113 2046 1251 2090 modo
1299 2046 1481 2089 animus
1520 2045 1570 2088 in
1608 2048 1798 2102 pectore

103 2106 365 2158 remaneat,
405 2107 456 2148 at
495 2107 658 2149 contra
695 2106 852 2149 animo
884 2106 1167 2162 interempto
1199 2104 1342 2148 etiam
1386 2106 1592 2148 animam
1630 2106 1797 2161 perire,

91 2165 247 2219 'atque
278 2163 380 2209 11110
411 2177 467 2208 ex
500 2178 554 2209 eo
587 2164 806 2222 colligere
838 2166 1008 2221 potest,
1041 2165 1251 2208 animum
1284 2165 1344 2207 ad
1374 2165 1523 2208 vitam
1556 2165 1798 2209 dominam-

105 2224 262 2268 tiorem
294 2238 392 2266 esse
426 2237 567 2278 quam
599 2224 818 2268 animam.
884 2224 966 2267 sed
997 2223 1110 2279 quid
1143 2224 1232 2267 hoc
1272 2227 1363 2279 est,
1407 2224 1532 2279 quod
1563 2223 1797 2291 Diogenes

106 2282 238 2330 dicit
270 2281 520 2326 debilitato
551 2282 626 2327 vel
652 2283 930 2327 obtruncato
955 2296 1146 2338 corpore
1168 2283 1379 2327 homines
1411 2297 1504 2327 non
1527 2282 1659 2338 mori,
1691 2297 1798 2328 cum

101 2341 265 2396 ‚anima
293 2344 549 2396 remaneat,
582 2343 742 2386 anima
764 2345 923 2386 autem
945 2341 1157 2410 fugiente
1188 2341 1306 2386 mori
1330 2355 1408 2386 eos
1433 2343 1647 2397 quamvis
1678 2342 1798 2387 inte-

107 2415 242 2458 grum
274 2401 337 2444 sit
368 2415 547 2458 corpus,
583 2403 637 2444 et
665 2402 776 2445 18ᾱο
808 2402 1026 2459 cognosci
1065 2415 1202 2470 posse
1241 2416 1383 2457 quam
1420 2400 1569 2445 multo
1607 2402 1798 2446 maioris

94 2460 326 2517 'ponderis
359 2461 420 2504 ad
451 2461 599 2504 vitam
631 2461 908 2504 servandam
941 2461 1003 2504 sit
1034 2461 1192 2504 anima
1224 2466 1442 2517 corpore?
1497 2474 1663 2504 sanum
1695 2462 1798 2518 qui-

109 2519 215 2565 dem
247 2522 575 2575 argumentum
606 2534 699 2563 non
730 2522 812 2564 est.
870 2520 1032 2564 eodem
1064 2521 1164 2564 iure
1198 2521 1351 2564 dicere
1376 2519 1532 2576 potuit
1561 2519 1798 2564 hominem

102 2579 385 2630 obtruncato
418 2592 608 2637 corpore
638 2582 798 2623 tamen
819 2579 990 2634 vivere,
1022 2593 1128 2623 cum
1150 2579 1250 2624 vita
1279 2581 1554 2623 remaneret.
1615 2593 1726 2623 nam
1756 2580 1797 2623 si

102 2638 214 2694 'quis
245 2635 563 2694 ,quaesivisset
599 2638 878 2694 Diogenem,
917 2638 1043 2683 unde
1082 2640 1395 2696 cognosceret,
1442 2653 1553 2682 num
1598 2638 1798 2696 perditis

110 2697 328 2740 membris
354 2698 512 2742 anima
534 2697 584 2741 18
609 2711 798 2754 corpore
823 2700 1131 2754 permaneret,
1163 2712 1256 2742 non
1274 2697 1453 2751 dubito,
1478 2698 1591 2753 quin
1608 2712 1798 2754 respon-

112 2771 245 2800 surus
276 2756 419 2800 fuerit
449 2757 593 2813 „quia
622 2757 741 2801 vivit
770 2757 950 2801 homo“.
1015 2757 1204 2818 Epicuri
1244 2757 1589 2814 argumentatio
1629 2757 1798 2802 stolide
1873 2765 1878 2769 “

103 2815 333 2859 mutilata
364 2819 447 2860 est.

230 2875 315 2918 col.
350 2875 413 2918 III
452 2890 492 2919 v.
520 2879 545 2918 9
594 2877 764 2932 αὐτοῦ]
790 2875 822 2919 1.
849 2889 887 2920 0.
920 2881 1004 2920 τοῦ
1045 2880 1140 2931 Ζῆν.
1205 2877 1420 2919 construe
1465 2879 1696 2921 τοσοῦτον
1741 2878 1798 2920 τὸ

103 2936 310 2989 ψυχικὸν
334 2937 470 2990 μέρος
500 2938 635 2990 ἡμῶν
659 2936 806 2979 αὐτοῦ
831 2937 932 2990 (τοῦ
957 2937 1058 2992 Ζῆν)
1084 2936 1323 2990 βασιλεύει.
1387 2934 1550 2979 dubito
1582 2948 1642 2978 811
1672 2937 1798 2979 recte

201 3016 398 3050 Drooms
424 3017 739 3051 Onnommmsu
770 3018 988 3058 fragmenta
1011 3016 1068 3048 ed.
1094 3017 1143 3050 W
1152 3018 1165 3049 i
1175 3017 1212 3049 11
1220 3017 1234 3048 i
1242 3025 1266 3049 8
1274 3025 1321 3049 m.
1504 3014 1527 3052 7
