2066 3146
245 230 403 259 versus
438 221 551 260 1—3
582 218 654 260 ita
685 217 896 272 supplevi
927 220 994 271 ut,
1028 217 1149 260 sicut
1178 215 1458 272 postulatur,
1506 217 1711 273 oppositi
1743 218 1838 261 sint
1871 232 1943 260 se-

247 274 498 330 quentibus
530 275 750 320 versibus.
799 277 998 319 matrem
1038 275 1209 330 opinor·
1240 276 1481 319 nocturnis
1522 276 1729 330 somniiS,
1768 276 1939 332 quibus

247 333 395 377 filium
442 334 597 378 videre
644 335 864 391 putabat,
913 334 1218 378 sollicitatam
1265 337 1312 377 et
1357 334 1453 378 filio
1497 334 1677 390 aliquid
1715 335 1942 379 accidisse

244 396 396 436 ratam
436 394 701 438 consolatur
730 393 984 450 Diogenes,
1029 408 1134 436 cum
1171 394 1374 448 primum
1415 394 1533 438 tales
1566 394 1742 450 species
1775 394 1941 438 absen-

246 452 366 495 tium
414 453 550 496 nihili
596 453 837 496 faciendas
885 466 985 496 esse
1031 452 1250 496 ostendat
1288 455 1451 509 (usque
1492 453 1551 496 ad
1592 452 1677 497 col.
1710 452 1774 496 111
1804 469 1846 497 v.
1881 455 1940 511 3),

247 511 414 554 deinde
464 514 688 567 exponat,
743 527 766 554 0
815 512 1047 555 contrario
1095 525 1144 555 se
1189 512 1406 555 maximis
1459 512 1594 555 bonis
1639 512 1944 568 philosophia

243 570 470 626 praebitis
510 571 602 613 frui
644 570 746 627 (col.
779 570 843 613 111
874 586 914 614 v.
942 575 966 613 3
999 584 1147 625 usque
1187 571 1246 614 ad
1284 572 1483 626 proximi
1515 571 1768 628 fragmenti
1802 571 1887 615 col.
1920 571 1941 614 I

245 645 286 672 v.
325 631 408 686 10).

364 703 450 747 col.
475 703 539 746 IV
572 718 609 745 v.
648 708 668 745 1
719 706 853 757 ἡμεῑν
898 703 1012 759 τάδ’,
1061 703 1137 748 οἷα
1185 704 1371 760 scripsi,
1419 706 1501 749 sed
1548 704 1784 748 dubitans.
1846 718 1942 748 non

240 777 392 817 parva
434 764 564 807 nobis
601 763 874 820 continyunt
910 764 1040 816 haec,
1085 763 1250 820 quippe
1296 765 1456 819 qualia
1493 778 1576 808 nos
1613 778 1715 809 cum
1754 764 1827 807 dis
1857 764 1941 808 ad·

244 827 445 878 aequent.
515 820 681 864 melius
737 822 913 866 diceret
961 821 1226 881 <τοιαῡ>τα
1273 823 1315 866 δ’
1316 857 1327 878 ,
1375 836 1495 877 quac
1548 823 1747 866 fortasse
1801 822 1942 878 culpa

245 880 480 936 lapicidae
512 882 731 924 truncata
762 883 882 924 sunt

258 960 261 961 ⁷
361 954 402 983 v.
429 945 455 982 3
495 939 707 983 homines
748 940 938 983 deorum
976 939 1323 984 beatitudinem
1362 941 1547 996 assequi
1583 955 1721 997 posse
1753 940 1941 996 saepius

246 999 473 1054 Epicurus
515 998 654 1052 dixit,
696 998 823 1042 velut
854 1000 908 1043 fr.
934 1004 1019 1042 602
1060 1002 1215 1053 ἔλεγεν
1248 1000 1552 1056 (Ἐπίκουρος)
1593 1002 1787 1056 ἑτοίμως
1819 1003 1942 1054 ἔχειν

245 1062 318 1102 καὶ
365 1064 433 1115 τῶ
481 1059 557 1102 Διὶ
604 1059 720 1113 ὑπὲρ
769 1059 1061 1113 εὐδαιμονίας
1106 1059 1456 1112 διαγωνίζεσθαι
1504 1062 1651 1113 μᾶζαν
1698 1062 1819 1114 ἔχων
1865 1061 1941 1103 καί

242 1119 371 1173 ὕδωρ
405 1119 451 1160 et
483 1117 612 1174 Epic.
647 1131 718 1172 ep.
744 1117 809 1160 ΠΙ
834 1122 931 1161 135.

359 1192 402 1219 v.
431 1183 457 1219 4
492 1176 821 1220 aeternitatem
852 1177 972 1220 nihil
1004 1176 1166 1220 afferre
1196 1177 1260 1220 ad
1291 1176 1482 1221 beatam
1508 1178 1656 1220 vitam
1688 1177 1806 1221 dicit
1828 1177 1943 1233 Epi-

243 1250 380 1279 curus
421 1237 548 1291 apud
588 1235 679 1279 Cic.
716 1237 771 1279 de
811 1236 886 1279 fin.
920 1236 1133 1290 1127,87
1174 1241 1311 1294 neyat
1341 1237 1578 1293 Epicurus
1619 1251 1675 1280 ne
1705 1237 1943 1281 diuturni-

241 1301 378 1340 tatem
409 1296 591 1351 quidem
631 1297 844 1351 temporis
882 1297 945 1340 ad
984 1296 1107 1340 beate
1144 1297 1387 1340 vivendum
1418 1296 1599 1352 aliquid
1629 1296 1815 1350 afferre,
1860 1310 1945 1341 ‘nec

241 1356 460 1399 minorem
498 1355 776 1411 voluptatem
807 1357 990 1411 percipi
1025 1356 1078 1398 in
1117 1356 1334 1400 brevitate
1374 1357 1585 1412 temporis
1615 1370 1753 1411 quam
1784 1356 1825 1399 si
1854 1356 1940 1400 illa

240 1416 300 1458 sit
328 1417 612 1470 sempiterna.
693 1414 773 1457 cfr.
809 1413 899 1458 Cic.
932 1414 962 1457 l.
990 1428 1027 1458 c.
1061 1414 1161 1458 119
1198 1419 1223 1467 ἓ
1250 1415 1397 1473 62s63,
1429 1429 1527 1470 κυρ.
1562 1416 1655 1459 δόξ.
1688 1414 1809 1470 ΧΙΧ,
1839 1413 1938 1458 XX

361 1517 430 1562 fr.
463 1518 622 1563 LXIV
657 1517 741 1562 col.
774 1519 795 1561 Ι
843 1532 949 1561 011111
994 1518 1163 1586 prioris
1191 1517 1462 1598 fragmenti
1510 1518 1725 1562 columna
1772 1519 1945 1573 quarta

242 1580 342 1620 arte
375 1577 626 1621 coniuncta
659 1580 741 1621 est.
806 1593 942 1632 „cum
972 1577 1200 1621 vivimus“
1207 1576 1433 1632 ‚inquit,
1478 1591 1654 1633 „aeque
1689 1579 1829 1632 atque
1862 1577 1938 1620 dei

240 1635 482 1691 laetamur,
523 1651 628 1680 cum
657 1637 831 1680 mortui
865 1651 1036 1691 sumus,
1076 1636 1203 1680 omni
1236 1651 1373 1679 sensu
1406 1651 1629 1690 caremus,
1660 1636 1821 1692 itaque
1853 1650 1937 1680 nos

239 1695 506 1751 voluptates
544 1697 672 1739 vitae
720 1695 933 1739 amisisse
972 1709 1065 1739 non
1105 1696 1375 1739 sentimus.“
1438 1709 1528 1751 quo
1568 1696 1818 1752 probatum
1851 1697 1936 1750 cst,

242 1756 366 1810 quod
398 1755 451 1798 fr.
480 1755 622 1799 LXIII
654 1755 738 1799 col.
764 1755 828 1799 IV
860 1755 1047 1809 dicitur,
1078 1755 1419 1798 mortalitatem
1451 1770 1534 1798 nos
1566 1755 1760 1798 minime
1790 1755 1941 1810 impe-

243 1814 355 1867 dire,
390 1814 638 1870 quominus
672 1814 862 1858 deorum
893 1814 1231 1858 beatitudinem
1265 1815 1594 1869 adaequemus.

361 1889 425 1916 vv.
456 1879 568 1917 1-5
616 1874 731 1929 quin
762 1874 832 1917 ita
862 1873 1170 1930 intellegendi
1204 1874 1311 1928 sint,
1341 1875 1397 1917 ut
1427 1873 1566 1916 modo
1599 1873 1710 1927 dixi,
1741 1874 1820 1916 vix
1853 1873 1941 1917 du-

241 1933 372 1976 bium
413 1948 511 1976 esse
549 1936 720 1989 potest.
784 1933 1090 1977 conferendus
1131 1935 1202 1976 est
1241 1947 1296 1977 ex
1342 1932 1658 1989 compluribus
1704 1931 1936 1976 similibus

240 1992 355 2035 locis
403 1992 632 2048 imprimis
679 1992 980 2048 Pseudoplat.
1027 1992 1220 2036 Axioch.
1268 2007 1310 2048 p.
1357 1992 1498 2035 669D
1526 2006 1624 2047 sqq.
1675 1991 1780 2048 (toti
1825 1991 1942 2035 huic-

239 2051 401 2095 libello
434 2051 583 2095 multa
613 2052 775 2095 insunt
798 2051 1063 2108 Epicureae:
1106 2052 1372 2108 (Ἀξίοχος).
1391 2088 1400 2097 .
1420 2087 1429 2095 .
1450 2053 1550 2105 .ἑμὲ
1584 2053 1633 2095 δὲ
1665 2054 1693 2106 ἡ
1721 2053 1942 2106 στέρησις

240 2116 337 2155 τῶν
378 2112 567 2163 ἀγαθῶν
607 2116 692 2156 τοῦ
727 2114 812 2166 ζῆν
844 2114 976 2156 λυπεῖ
1002 2146 1130 2156 .....
1156 2113 1425 2166 Σωκράτης·
1475 2112 1727 2164 Συνάπτεις
1757 2112 1860 2166 γὰρ,
1894 2111 1935 2154 ὦ

242 2171 429 2224 Ἀξίοχε,
463 2171 823 2223 ἀνεπιλογίστως
858 2176 915 2227 τῇ
951 2171 1164 2225 στερήσει
1194 2176 1292 2214 τῶν
1318 2171 1507 2223 ἀγαθῶν
1540 2171 1827 2222 ἀντεισάγων
1859 2183 1938 2213 κα-

241 2235 336 2274 κῶν
369 2231 597 2285 αἴσθησιν,
632 2231 940 2284 ἐκλαθόμενος
975 2231 1047 2274 ὅτι
1076 2231 1315 2285 τέθνηκας.
1378 2233 1510 2274 λυπεῖ
1540 2230 1628 2284 γὰρ
1659 2230 1744 2272 τὸν
1776 2229 1937 2284 στερό·

242 2303 383 2342 μενον
414 2294 511 2332 τῶν
543 2289 734 2341 ἀγαθῶν
766 2291 794 2343 ἡ
830 2290 1100 2333 ἀντιπάθεια
1131 2294 1228 2333 τῶν
1260 2293 1430 2343 κακῶν,
1465 2291 1490 2332 ὁ
1524 2288 1565 2332 δ>
1596 2289 1682 2332 οὐκ
1707 2290 1774 2332 ὢν
1801 2288 1936 2332 οὐδὲ

239 2351 338 2402 τῆς
371 2349 695 2402 στερήσεως
727 2349 1218 2403 ἀντιλαμβάνεται.

358 2421 399 2450 v.
427 2411 453 2448 4
487 2409 536 2450 δὲ
584 2409 682 2450 tam
723 2406 860 2464 longe
894 2407 952 2450 ab
985 2407 1122 2450 initio
1156 2407 1414 2450 sententiae
1446 2408 1676 2449 remotum
1706 2405 1756 2448 in
1789 2404 1933 2448 simili

240 2466 474 2509 sententia
505 2466 558 2508 fr.
586 2465 729 2510 LXVI
759 2482 801 2509 v.
830 2471 882 2509 11
917 2468 974 2510 ἂν
1008 2469 1068 2522 μὴ
1103 2468 1384 2520 διαγένωμαι
1416 2467 1478 2510 δέ.

359 2540 397 2568 v.
426 2529 447 2567 7
482 2527 720 2579 προσδόκα
752 2529 873 2579 ἡμᾶς
903 2526 1150 2581 χαίροντας
1181 2525 1263 2569 cfr.
1294 2524 1499 2580 Praefip
1505 2522 1744 2568 ‚XXVHI

358 2598 399 2627 v
428 2590 453 2626 9
502 2586 660 2639 έπαιρε
707 2587 910 2639 σεαυτὴν
957 2585 1036 2640 ἐφ’
1073 2585 1142 2637 οἷς
1179 2586 1456 2640 πράττομεν.
1469 2539 1774 2626 pUsenerum
1817 2582 1935 2625 haec

238 2642 384 2686 verba
413 2642 800 2698 interpretantem
823 2646 938 2700 puto
963 2646 1089 2687 recte
1111 2643 1343 2699 proficisci
1367 2656 1396 2686 a
1419 2641 1618 2708 formul—a
1642 2643 1799 2696 ἔπαιρε
1824 2654 1935 2685 σαυ-

239 2703 336 2757 τόν,
385 2715 525 2757 quam
573 2716 710 2758 saepe
759 2703 886 2758 apud
931 2704 1094 2758 poetas
1141 2703 1346 2759 tragicos
1390 2703 1437 2745 et
1477 2699 1677 2744 comicos
1717 2700 1933 2757 legimus,

239 2760 269 2804 i.
304 2773 342 2804 e.
374 2774 519 2818 surye.
582 2760 661 2804 hic
702 2763 858 2804 autem
901 2761 1217 2817 metaphorice
1259 2761 1431 2804 dicitur
1470 2771 1516 2803 et
1555 2762 1608 2802 ut
1645 2759 1787 2802 veiba
1817 2773 1933 2816 gau-

240 2819 383 2863 dendi
415 2822 462 2862 et
494 2819 589 2862 alia
621 2821 720 2863 eius
753 2821 936 2877 generis
969 2821 1265 2864 construitur.
1318 2823 1513 2862 matrem
1537 2820 1728 2874 propter
1753 2818 1935 2861 somnia

240 2878 499 2931 timentem,
547 2891 605 2922 ne
652 2879 776 2922 filius
815 2878 938 2923 male
986 2894 1033 2922 se
1080 2879 1254 2923 habeat
1294 2878 1391 2936 (cfr.
1426 2877 1485 2920 ad
1517 2877 1570 2921 fr.
1614 2876 1933 2921 antecedentis
