2066 3146
937 100 1307 153 —94—

278 233 376 273 tate
417 230 610 283 moveri,
644 233 806 274 contra
844 230 978 274 illum
1012 231 1221 274 dicamus
1232 265 1382 275 ......
1445 231 1571 286 quod
1603 230 1863 276 coniectum
1899 236 1974 277 est

280 289 338 332 ab
372 290 628 332 Austriacis
662 292 846 344 ἔνερθεν
878 292 928 334 δὲ
961 291 1208 345 φαίνεσθαι
1236 292 1684 345 κατηνανκασμένως
1706 292 1858 335 πάντα
1883 307 1972 336 κει-

277 353 452 392 νεῖσθαι
483 349 561 392 vix
590 352 771 392 rectum
804 363 901 391 esse
933 351 1103 404 potest,
1136 349 1274 404 quod,
1307 349 1519 404 quamvis
1545 349 1739 393 dubium
1763 350 1825 393 sit
1857 365 1969 406 qua-

277 408 371 451 lem
402 411 580 451 motum
613 408 756 450 atomi
780 407 1037 451 Democriti
1067 422 1151 463 per
1179 422 1226 451 se
1250 408 1471 462 habeant,
1502 408 1552 451 id
1577 409 1767 464 quidem
1791 412 1970 454 certum

278 472 363 521 est,
397 481 554 510 omnes
588 470 767 510 atomos
801 481 1022 510 sursum
1054 466 1165 510 ferri
1198 482 1303 510 eum
1333 481 1427 511 non
1457 468 1709 523 putavisse.
1773 469 1974 524 accedit,

278 527 403 583 quod
437 526 671 569 sententia
703 526 1001 569 antecedenti
1031 525 1263 583 Diogenes
1297 527 1613 570 adversarium
1644 527 1782 585 fingit
1814 529 1974 571 dicen-
2056 577 2059 579 ,

276 588 387 639 tem,
414 586 580 628 atomis
606 585 806 628 liberum
829 586 1009 628 motum
1032 599 1126 628 non
1149 586 1300 628 inesse
1325 588 1560 643 propter
1585 586 1967 642 collisionem,

276 646 307 689 i.
341 661 378 688 e.
413 646 538 700 quod
578 645 722 687 atomi
760 645 884 687 inter
924 660 970 688 se
1011 644 1199 688 collisae
1241 647 1415 688 certam
1453 646 1503 688 in
1541 645 1666 688 viam
1704 647 1973 702 trudantur,

279 706 390 748 dum
421 705 591 747 iterum
624 705 683 747 ad
717 703 834 746 alias
867 703 1139 759 allidantur,
1185 704 1446 760 iterumque
1488 703 1630 748 aliam
1660 706 1787 748 viam
1817 706 1968 749 facere

277 766 515 821 cogantur.
586 763 676 806 hac
714 764 861 820 igitur
898 764 948 806 in
986 778 1034 806 re
1080 764 1118 807 si
1167 763 1371 806 cernitur
1415 764 1692 819 necessitas,
1738 766 1972 820 quomodo
2034 795 2041 812 .

278 823 511 867 sententia
557 823 770 878 proxima
818 823 912 865 dici
958 824 1114 879 potest
1153 823 1309 866 omnia
1347 824 1624 867 necessitate
1665 826 1851 880 ἔνερθεν
1884 839 1973 868 κει·

274 887 463 973 νεῖσθαιέ
497 883 544 924 et
574 882 805 936 quomodo
836 896 957 926 nova
987 881 1102 925 haec
1135 881 1384 925 affirmatio
1412 883 1557 938 priori
1587 897 1697 927 voce
1723 886 1773 928 δέ
1798 884 1972 940 opponi

278 943 478 1044 potezzi·
505 1001 569 1043 ΠΙ
598 1016 640 1044 v.
667 1005 781 1043 3—-7
817 1000 896 1043 cfr.
931 999 1022 1044 Cic.
1057 1001 1113 1044 de
1145 1001 1241 1043 nat.
1275 1001 1397 1044 deor.
1431 1000 1452 1043 I
1476 1005 1546 1055 25,
1566 1004 1620 1043 69
1666 1000 1761 1057 (Us.
1795 1001 1850 1044 fr.
1884 1005 1969 1044 ‘281

274 1076 320 1117 p.
355 1064 437 1103 201
452 1094 463 1114 ,
504 1061 576 1116 15)
630 1061 867 1115 Epicurus
912 1060 1087 1104 invenit
1131 1061 1350 1116 quomodo
1397 1061 1700 1104 necessitatem
1745 1061 1981 1118 effuyeret,
2062 1067 2066 1081 ¹

275 1120 395 1177 quod
423 1120 630 1163 videlicet
658 1119 970 1163 Democritum
1008 1120 1215 1176 fuqerat:
1268 1121 1338 1163 ait
1374 1125 1596 1174 atomwm,
1635 1133 1735 1163 cum
1768 1120 1970 1175 pondere

276 1186 317 1224 et
346 1180 570 1236 yravitate
609 1180 779 1222 derecto
823 1179 1007 1222 deorsus
1047 1179 1241 1232 feratur,
1279 1179 1506 1223 declinare
1530 1178 1808 1234 paullulum.
1872 1178 1972 1222 sola

277 1238 588 1281 declinatione
631 1239 890 1281 atomorum
930 1237 1125 1280 liberam
1164 1237 1454 1281 voluntatem
1486 1238 1659 1282 servari
1691 1237 1809 1281 dicit
1837 1238 1970 1282 Lucr.

392 1372 434 1400 v.
462 1362 488 1400 8
537 1356 768 1411 quomodo
815 1355 1046 1411 Epicurus
1095 1356 1457 1400 declinationem
1504 1358 1762 1400 atomorum
1809 1372 1865 1400 ex
1903 1357 1972 1400 eis

274 1416 414 1460 rebus
446 1431 565 1472 quae
598 1415 745 1459 oculis
775 1415 996 1459 videntur
1026 1415 1315 1472 probaverit,
1358 1416 1590 1459 nescimus
1623 1416 1731 1474 (nisi
1763 1415 1882 1460 forte
1914 1431 1971 1459 ex

275 1477 380 1532 ipsa
426 1475 575 1519 libera
619 1475 882 1528 voluntate,
931 1490 1072 1531 quam
1119 1475 1400 1518 animalibus
1446 1475 1598 1519 inesse
1646 1477 1841 1532 apparet
1887 1476 1970 1519 cfr.

275 1536 407 1579 Lucr.
441 1535 470 1578 1.
498 1537 567 1591 (5.).

392 1598 644 1638 v.10—14
692 1593 772 1637 cfr,
810 1593 884 1636 Us.
918 1593 972 1637 fr
1007 1598 1092 1637 378
1136 1595 1282 1638 καίτοι
1330 1596 1355 1638 ὁ
1404 1595 1486 1648 μὲν
1528 1594 1793 1649 Ἐπίκουρος
1841 1595 1971 1648 ἁμῶς

276 1657 329 1707 γέ
362 1669 462 1706 πως
493 1656 744 1708 στρέφεται
783 1656 858 1697 καὶ
899 1656 1159 1708 φιλοτεχνεῖ
1196 1657 1281 1708 τῆς
1320 1654 1466 1697 ἀιδίου
1500 1653 1727 1707 κινήσεως
1758 1656 1970 1708 μηχανώ-

278 1728 414 1768 μενος
445 1715 753 1768 ἐλευθερῶσαι
785 1715 860 1756 καὶ
891 1714 1120 1757 ἀπολῦσαι
1151 1714 1205 1756 τὸ
1239 1714 1453 1756 ἑκούσιον
1485 1714 1600 1767 ὑπὲρ
1631 1717 1715 1756 τοῦ
1747 1715 1806 1767 μὴ
1833 1727 1971 1757 κατα-

276 1777 420 1817 λιπεῖν
453 1774 739 1827 ἀνέγκλητον
769 1774 857 1826 τὴν
890 1773 1063 1816 κακίαν.

395 1862 462 1905 fr.
488 1861 710 1906 XXXIV
749 1860 979 1903 intramus
1022 1860 1073 1902 in
1113 1861 1255 1916 caput
1295 1859 1351 1902 de
1390 1860 1518 1902 metu
1549 1860 1727 1903 mortis,
1789 1862 1971 1918 pugnat

277 1921 477 1977 scriptor
516 1922 677 1963 contra
717 1933 794 1963 eos
837 1919 918 1974 qui
959 1919 1164 1962 animam
1201 1920 1310 1975 post
1347 1920 1544 1962 mortem
1582 1933 1851 1975 permanere
1883 1934 1970 1976 pu-

274 1982 381 2024 tant
412 1982 458 2023 et
488 1980 566 2023 hic
597 1980 798 2022 maxime
831 1980 994 2022 contra
1025 1993 1117 2033 eos,
1149 1978 1319 2034 quibus
1353 1993 1409 2021 ex
1441 1978 1533 2022 alio
1564 1978 1615 2021 in
1647 1978 1777 2021 aliud
1801 1992 1968 2034 corpus

275 2040 608 2141 transmigrare
642 2039 847 2082 animam
885 2039 1061 2094 placet,
1103 2038 1420 2095 Pythagoram
1459 2039 1506 2080 et
1538 2037 1608 2094 (fr.
1642 2037 1827 2094 XXXV)
1861 2037 1970 2082 Em-

275 2101 423 2156 pedoc
445 2114 530 2142 em.

395 2188 464 2231 fr.
490 2186 685 2231 XXXV
718 2186 803 2230 col.
834 2186 869 2241 I,
901 2186 944 2229 Π
984 2186 1262 2230 sententiam
1301 2185 1422 2228 hanc
1455 2200 1553 2229 esse
1585 2187 1720 2242 puto:
1771 2187 1971 2242 scriptor

275 2247 452 2290 refutat
488 2246 784 2302 Empedoclis
833 2246 1133 2299 sententiam,
1181 2245 1262 2301 qui
1311 2245 1491 2288 animas
1531 2259 1586 2287 ex
1626 2245 1717 2288 alio
1756 2246 1806 2288 in
1838 2245 1968 2289 aliud

278 2306 453 2349 animal
491 2306 688 2349 transire
730 2306 885 2360 docet,
927 2319 1032 2348 cum
1071 2305 1189 2348 dicit
1228 2305 1430 2358 animas,
1475 2304 1513 2346 si
1546 2319 1602 2346 ex
1633 2304 1724 2348 alio
1756 2305 1806 2347 in
1837 2305 1967 2347 aliud

278 2366 451 2409 animal
482 2365 738 2419 transeant,
770 2378 956 2407 necesse
989 2379 1087 2407 esse
1121 2365 1263 2407 etiam
1295 2378 1379 2419 per
1410 2378 1456 2407 se
1488 2363 1608 2406 solas
1630 2364 1784 2407 vivere
1808 2377 1966 2419 posse3

277 2439 330 2468 eo
363 2426 487 2467 enim
518 2426 621 2480 ipso
653 2426 882 2480 tempore,
920 2438 1026 2467 cum
1056 2426 1312 2478 transeant,
1345 2438 1423 2466 eas
1456 2436 1644 2479 corpore
1678 2423 1853 2466 solutas
1883 2437 1969 2479 per

279 2499 324 2527 se
359 2484 479 2527 solas
503 2484 670 2527 vivere.
718 2498 828 2526 nam
854 2484 892 2526 si
916 2483 1220 2539 Empedocles
1252 2483 1311 2526 iis
1342 2482 1425 2525 illo
1455 2482 1728 2525 transeundi
1758 2483 1966 2538 tempore

278 2543 492 2586 animalis
524 2545 741 2585 naturam
771 2557 863 2586 non
897 2542 1146 2596 attribuat,
1192 2556 1291 2585 rem
1330 2542 1429 2584 eius
1461 2540 1791 2598 (Empedoclis)
1822 2542 1966 2584 etiam

276 2603 410 2659 peius
452 2617 497 2644 se
537 2602 708 2645 habere
740 2604 954 2658 (v.1—-6.
1016 2601 1212 2644 fortasse
1251 2602 1348 2644 iam
1388 2602 1526 2643 antea
1572 2600 1834 2642 accuratius
1876 2601 1967 2644 hac

278 2663 333 2704 de
365 2676 413 2704 re
446 2661 629 2704 locutus
662 2663 761 2717 est).
826 2661 898 2704 sin
930 2661 1087 2703 autem
1119 2660 1301 2703 animae
1334 2659 1544 2715 quolibet
1578 2659 1716 2702 modo
1749 2659 1967 2703 animalis

275 2722 492 2763 naturam
533 2721 630 2762 sine
671 2733 858 2776 corpore
897 2719 1074 2762 habent
1105 2744 1159 2752 —
1191 2734 1302 2762 nam
1341 2718 1497 2773 aliquo
1536 2718 1673 2761 modo
1714 2733 1791 2761 eas
1834 2719 1965 2761 illam

275 2782 491 2823 naturam
530 2779 701 2822 habere
732 2793 919 2822 necesse
959 2779 1031 2822 est
1061 2805 1132 2834 —,
1179 2792 1261 2821 cur
1291 2777 1619 2834 Empedoclem
1650 2780 1752 2820 tum
1785 2779 1965 2820 animas

278 2854 333 2882 ex
380 2838 471 2882 alio
518 2839 567 2880 in
616 2838 745 2881 aliud
792 2837 966 2882 animal
1009 2837 1342 2881 transducere?
1387 2839 1444 2893 (v.
1473 2838 1648 2891 6—14).
1713 2839 1795 2880 aut
1840 2837 1965 2880 enim
