2066 3146
930 28 1290 124 -324

265 206 355 247 tur.
411 204 534 246 mihi
574 203 772 246 maxime
812 202 1044 258 placuerit
1081 203 1287 256 πίνακες,
1329 203 1357 245 i.
1394 218 1429 244 e.
1465 202 1654 246 tabulae
1694 203 1789 246 sive
1829 205 1959 247 cata-

267 262 378 319 logi,
412 262 462 306 in
495 262 664 318 quibus
696 261 923 306 vocabula
954 261 1281 305 inscribantur.

385 351 452 396 fr.
478 351 555 394 XI
586 366 626 393 v.
657 356 678 394 1
713 365 822 394 nam
846 351 965 406 quod
988 351 1050 393 ad
1075 349 1448 409 litteraszattiness
1480 352 1617 394 etiam
1640 351 1821 395 vocibus
1845 364 1962 406 opus

267 417 379 465 erat,
411 416 462 454 ut
493 413 623 454 iussu
654 410 850 454 collectio
883 424 1039 452 earu-‘m
1070 411 1205 464 fieret.

269 542 272 544 .
384 499 452 543 fr.
478 499 583 542 XII
617 498 701 542 col.
726 498 747 540 I
770 513 809 540 v.
836 502 947 540 1-—3
990 497 1071 541 cfr.
1089 497 1346 541 Philodem.
1393 502 1497 553 περὶ
1537 499 1770 553 εὐσεβείας
1800 513 1845 554 p.
1874 502 1960 541 144

268 557 508 614 Gomperz.
521 584 575 588 ——
587 559 882 612 κατατρέχειν
898 558 1000 600 τινά
1010 558 1222 613 persequi
1237 559 1432 613 aliquem
1449 557 1529 601 cfr.
1540 557 1742 613 Praefip.
1753 557 1956 601 XXXIV.

268 618 329 661 ad
360 632 398 661 v,
421 622 443 659 7
471 616 550 659 cfr.
576 616 661 672 Ep.
688 630 759 671 ep.
783 615 848 658 III
875 619 957 658 123
999 617 1169 670 ἀσεβὴς
1209 618 1257 660 δὲ
1298 619 1385 671 οὐχ
1425 619 1450 660 ό
1483 620 1594 669 τοὺς
1632 622 1730 661 τῶν
1771 620 1959 660 πολλῶν

266 679 403 728 θεοὺς
435 677 653 730 ἀναιρῶν,
691 675 789 718 ἀλλ’
821 677 845 718 ὁ
878 676 961 728 τὰς
991 680 1088 718 τῶν
1119 679 1306 720 πολλῶν
1339 679 1474 728 δόξας
1505 680 1628 729 θεοῖς
1658 677 1958 731 προσάπτων.

386 734 471 777 col.
496 735 539 777 II
569 750 608 777 v.
636 739 660 776 8
680 734 801 791 sqq.]
835 734 895 776 ad
925 748 1023 777 rem
1055 734 1136 777 cfr.
1162 733 1292 777 Diels
1319 736 1523 779 Vorsokr.
1549 750 1592 790 p.
1613 740 1713 785 519,
1733 739 1799 777 33.
1851 734 1960 778 Pro·

266 797 459 850 tagorae
477 808 564 837 vox
581 797 684 848 περὶ
701 795 783 848 μὲν
801 798 922 837 θεῶν
940 795 1026 837 οὐκ
1043 795 1134 847 ἔχω
1154 793 1322 838 εἰδέναι
1339 795 1441 838 οὐθ’
1457 797 1521 847 ὡς
1538 795 1649 838 εἰσὶν
1668 795 1770 838 οὐθ’
1787 796 1850 846 ὡς
1874 796 1962 838 οὐκ
2033 795 2039 807 ’

269 854 380 897 εἰσὶν
414 853 516 897 οὐθ’
539 854 692 896 ὁποῖοί
722 867 843 905 τινες
872 852 1020 904 ἰδέαν;
1055 854 1137 895 sed
1169 853 1312 896 etiam
1343 853 1393 896 in
1424 853 1682 897 breviorem
1713 853 1962 896 formulam

266 914 459 956 redacta
491 913 559 955 ita
590 912 879 965 tradebatur,
927 914 980 954 ut
1016 912 1209 955 tertium
1240 912 1498 956 sententiae
1529 914 1791 957 membrum
1823 912 1961 956 omit-

266 974 454 1015 teretur.
519 971 599 1015 cfr.
625 971 756 1014 Diels
787 971 816 1013 1.
852 985 888 1015 c.
921 986 966 1026 p.
993 975 1093 1025 513,
1113 976 1167 1014 32
1201 972 1249 1014 et
1276 987 1323 1027 p.
1350 976 1450 1026 516,
1470 976 1525 1015 32
1544 986 1642 1027 sqq.
1704 972 1836 1015 Hanc
1868 971 1962 1015 for-

267 1045 391 1074 mam
440 1030 583 1073 etiam
627 1030 862 1088 Diogenes
908 1030 1104 1086 praebet
1151 1034 1213 1087 (v.
1258 1031 1379 1089 9s10
1429 1033 1475 1074 et
1521 1046 1559 1075 v.
1603 1035 1658 1075 14
1704 1046 1852 1086 usque
1899 1031 1962 1074 ad

271 1090 356 1133 col.
383 1089 448 1132 III
479 1105 518 1132 v.
547 1094 569 1131 1
596 1125 603 1132 .

388 1149 472 1192 col.
498 1093 698 1192 III)cum
729 1161 888 1191 revera
912 1148 1193 1205 Protagoras
1225 1149 1372 1204 priori
1404 1149 1663 1192 sententiae
1689 1149 1965 1205 opposuerit

270 1208 430 1260 aliam,
480 1222 621 1263 quam
662 1209 860 1263 scriptor
897 1207 1006 1250 inde
1048 1221 1076 1250 a
1107 1207 1192 1251 col.
1218 1207 1262 1250 Π
1291 1223 1330 1251 v.
1360 1208 1562 1252 14—-col,
1589 1208 1652 1251 III
1682 1223 1722 1251 v.
1751 1214 1773 1250 1
1811 1207 1960 1262 affert,

269 1282 362 1310 non
392 1269 589 1323 possunt
620 1271 748 1310 recta
781 1282 879 1310 esse
912 1282 1031 1322 quae
1056 1267 1143 1310 HK
1176 1267 1406 1310 dederunt
1437 1267 1777 1323 supplementa.
1828 1281 1962 1323 prae-

268 1330 397 1370 terea
444 1327 650 1382 spatium
689 1328 796 1382 post
835 1328 1070 1370 ἐπαύσατο
1110 1341 1150 1369 v.
1178 1331 1230 1369 11
1272 1326 1411 1370 finem
1451 1327 1710 1370 sententiae
1752 1327 1962 1370 indicare

269 1386 466 1429 videtur.
530 1386 689 1440 itaque
737 1386 805 1428 ita
852 1385 1086 1441 supplevi,
1133 1387 1187 1429 ut
1234 1386 1540 1441 posteriorem
1580 1386 1862 1430 sententiam
1901 1385 1960 1429 ob

271 1459 372 1490 eam
406 1460 593 1488 causam
624 1446 810 1488 tantum
843 1445 1082 1488 addidisse
1116 1445 1416 1501 Protagoram
1449 1446 1782 1499 ostenderetur,
1822 1447 1876 1488 ut
1905 1447 1963 1489 τὸ

269 1506 394 1549 λείαν
441 1505 604 1559 ἰταμὸν
650 1504 819 1560 prioris
867 1504 1127 1548 sententiae
1174 1504 1344 1548 vitaret
1389 1505 1487 1562 (cfr.
1522 1504 1607 1548 eol.
1648 1505 1691 1548 Π
1732 1519 1772 1548 v.
1815 1506 1963 1561 6—8),

268 1577 429 1606 revera
469 1565 627 1607 autem
668 1578 772 1606 eum
813 1564 1007 1607 eandem
1047 1566 1189 1619 atque
1227 1563 1482 1621 Diagoram
1522 1563 1803 1608 sententiam
1842 1563 1964 1607 ferre

274 1623 372 1679 (cfr.
407 1623 492 1667 col.
525 1623 737 1679 113—5).

388 1697 429 1726 v.
455 1689 479 1725 2
515 1684 734 1738 ἐγχειρεῖν
767 1696 872 1725 cum
905 1682 1169 1726 accusativo
1203 1682 1282 1726 cfr.
1309 1682 1458 1725 Praef.
1489 1697 1534 1738 p.
1560 1682 1694 1726 XLII.

389 1771 456 1815 fr.
482 1770 573 1816 XV
606 1770 691 1814 col.
716 1770 759 1813 Π
797 1786 837 1813 v,
865 1775 890 1813 6
938 1772 1011 1815 διὰ
1052 1774 1260 1826 σπουδῆς
1287 1773 1402 1827 ἔχω]
1444 1772 1503 1814 ad
1537 1770 1724 1814 dicendi
1764 1770 1962 1814 formam

276 1829 556 1874 conferenda
587 1832 697 1873 sunt
726 1829 859 1885 talia,
891 1829 1050 1885 qualia
1082 1833 1190 1874 sunt
1221 1833 1295 1875 διὰ
1328 1832 1508 1886 μνήμης
1540 1833 1672 1885 ἔχειν,
1718 1832 1791 1874 διὰ
1830 1834 1966 1884 τιμῆς

273 1893 407 1944 ἔχειν,
437 1889 521 1962 cfr.
544 1888 739 1961 ,Sextum
767 1889 931 1945 Pyrrh.
957 1889 978 1932 Ι
1004 1893 1102 1943 106,
1123 1893 1178 1932 28
1209 1893 1339 1934 παισὶ
1370 1896 1564 1945 σφαῖραι
1596 1893 1669 1933 καὶ
1699 1893 1859 1944 τροχοὶ
1891 1891 1966 1933 διὰ

277 1951 487 2050 Gunugu&
515 1961 673 2052 {bodi-‘el
700 2043 827 2052 .....
849 2011 933 2062 τῆς
965 2009 1211 2062 ἐπιστολῆς
1241 2009 1432 2063 ταύτης]
1474 2007 1748 2065 intellegere
1780 2007 1965 2050 videtur

274 2068 414 2170 13³3ng
418 2066 654 2170 ἒὲἰίἷὴηΙαθ
686 2068 887 2123 partem,
921 2082 1038 2122 quae
1073 2067 1380 2123 disputationi
1409 2071 1513 2122 περὶ
1541 2068 1746 2122 ἀπειρίας
1776 2068 1967 2121 κόσμων

392 2200 431 2228 v.
461 2190 512 2228 11
562 2184 718 2227 iamne
749 2184 986 2241 profectus
1020 2187 1089 2229 est
1120 2184 1366 2241 Diogenes,
1398 2187 1453 2228 ut
1484 2185 1657 2228 amicos
1687 2185 1737 2227 in
1771 2183 1966 2228 Graecia

275 2244 544 2287 habitantes
578 2244 759 2287 adiret?
806 2244 903 2301 (cfr.
937 2260 976 2287 v,
1004 2249 1044 2298 5,
1072 2246 1129 2301 6.)
1193 2243 1282 2287 Sed
1315 2244 1395 2287 cfr.
1422 2244 1476 2290 fr.
1503 2244 1638 2287 LXV.

395 2333 462 2377 fr.
489 2333 607 2377 XVI
653 2332 742 2376 hoc
787 2333 1101 2389 fragmentum
1149 2347 1230 2376 cur
1277 2333 1507 2390 epistulae
1556 2334 1616 2376 ad
1662 2333 1964 2388 Antipatrum

278 2393 416 2435 datae
447 2393 696 2436 insererem
731 2392 827 2435 dixi
857 2392 1007 2436 Praef.
1040 2408 1085 2448 p.
1110 2392 1164 2436 X.

397 2451 481 2494 col.
506 2451 527 2493 I
557 2466 598 2494 v.
625 2455 764 2506 3sqq.
807 2452 863 2495 de
895 2465 1011 2495 vano
1051 2454 1179 2495 metu
1219 2465 1474 2507 poenarum
1514 2451 1640 2507 apud
1671 2450 1842 2494 inferos
1875 2450 1965 2493 sol-

277 2510 530 2553 vendarum
574 2510 655 2554 cfr.
689 2510 766 2553 Us.
799 2511 854 2554 fr.
882 2515 963 2554 341
1001 2511 1047 2554 et
1088 2510 1190 2555 Sen.
1226 2525 1296 2566 ep.
1331 2515 1401 2564 24,
1428 2515 1482 2553 18
1514 2524 1607 2554 ‘non
1636 2524 1737 2554 sum
1768 2515 1861 2554 tam
1893 2511 1963 2552 in-

279 2575 406 2626 eptus
452 2575 505 2612 ut
543 2570 824 2624 Epicuream
869 2570 1146 2614 cantilenam
1191 2571 1272 2613 hoc
1319 2571 1411 2614 loco
1450 2583 1699 2626 persequar
1738 2574 1778 2612 et
1816 2569 1965 2612 dicam

279 2642 421 2672 vanos
452 2642 541 2672 esse
572 2630 823 2683 inferorum
854 2634 1017 2683 metus,
1049 2643 1129 2673 nec
1159 2630 1370 2673 Ixionem
1411 2633 1512 2674 rota
1543 2629 1661 2671 volvi
1690 2642 1770 2671 nec
1800 2642 1967 2672 saxum

278 2689 445 2731 ueteris
476 2687 663 2743 Sisyphi
701 2689 830 2732 trudi
867 2690 919 2732 in
957 2689 1196 2732 adversum
1234 2702 1313 2731 nec
1342 2688 1486 2731 ullius
1516 2688 1686 2731 viscera
1717 2692 1758 2730 et
1788 2687 1967 2730 renasci

272 2761 403 2803 posse
435 2747 596 2790 cotidie
627 2753 670 2790 et
698 2749 840 2803 carpi.
903 2747 983 2790 cfr.
1010 2746 1138 2790 Lact.
1165 2746 1255 2790 div.
1279 2746 1387 2789 inst.
1412 2747 1562 2800 11117,
1581 2750 1636 2788 42
1670 2747 1717 2789 et
1740 2745 1825 2789 VH
1851 2751 1889 2800 7,
1910 2749 1963 2788 13

279 2805 422 2862 (apud
454 2804 532 2848 Us.
564 2804 593 2847 1.
629 2807 697 2862 c.).
760 2806 810 2848 in
847 2806 1112 2849 universum
1153 2807 1310 2848 autem
1350 2806 1407 2848 de
1448 2806 1785 2849 contemnenda
1816 2806 1965 2848 morte

279 2863 495 2921 inprimis
528 2863 608 2907 cfr.
643 2864 726 2920 Ep.
761 2878 832 2920 ep.
866 2864 927 2907 ΠΙ
955 2869 1038 2908 124
1057 2879 1155 2919 sqq.
1190 2866 1236 2907 et
1267 2879 1364 2919 κυρ.
1392 2866 1483 2908 δόξ.
1517 2864 1570 2907 II.
