2066 3146
841 105 1137 148 -X1-

143 247 195 294 id
236 250 308 295 est
348 246 408 293 ad
448 246 532 294 frr.
563 246 777 292 28—29
821 244 1091 293 sententias
1132 246 1450 293 continentia.
1506 260 1617 292 cum
1656 245 1834 306 quibus

143 318 248 368 siVe
286 322 490 382 propter
535 320 695 367 solum
743 321 1088 383 argumentum
1137 319 1239 366 sive
1279 320 1430 366 etiam
1467 321 1671 381 propter
1709 319 1835 366 alias

142 409 318 442 causas
356 420 417 426 —-
453 409 635 456 magna
683 393 846 454 spatia
894 408 1044 454 supra
1092 392 1372 440 columnam
1417 395 1467 440 et
1505 408 1535 439 a
1574 392 1745 440 dextra
1786 395 1837 440 et

140 470 345 516 sinistra
383 468 524 528 parte
565 467 821 514 columnae
860 466 1035 514 relicta
1072 493 1133 499 -
1171 466 1513 530 coniungenda
1552 468 1668 514 sunt
1702 468 1834 530 frag-

142 544 311 590 menta
350 557 559 602 quorum
591 540 650 587 de
683 540 949 588 altitudine
982 540 1107 587 nihil
1139 543 1336 588 constat
1369 542 1434 588 27
1472 533 1647 607 (LVI),
1690 542 1835 588 30——

143 617 212 663 32
263 607 643 680 (LIX—LXI).
723 631 779 662 ac
825 614 1041 675 primum
1089 614 1289 675 quidem
1335 616 1544 676 apparet
1589 631 1701 662 eum
1749 617 1836 675 qui

138 690 230 737 has
270 690 539 736 sententias
586 688 848 749 insculpsit
885 688 936 735 id
969 704 1168 749 operam
1210 688 1424 748 dedisse,
1463 691 1520 736 ut
1559 689 1835 737 sententiae

141 764 190 810 in
232 778 332 810 uno
370 763 536 824 lapide
576 763 802 824 inceptae
841 763 892 808 in
934 762 1103 810 eodem
1143 763 1294 809 etiam
1332 762 1606 810 finirentur.
1664 764 1834 824 itaque

137 837 326 885 factum
366 840 454 891 est,
494 839 550 883 ut
582 837 639 885 fr.
668 837 734 883 27
771 830 932 902 (LVI)
966 836 1147 896 decem,
1178 836 1239 883 fr.
1266 837 1333 884 28
1369 830 1555 901 (LVII)
1590 837 1834 895 undecim,

135 911 195 957 fr.
225 912 291 958 29
320 904 532 976 (LVIII)
564 926 741 958 novem
772 913 975 958 tantum
1004 910 1187 958 habeat
1210 925 1401 972 versus3
1434 911 1492 958 de
1525 912 1699 958 ceteris
1732 927 1832 958 non

135 986 346 1033 constat.
407 1000 518 1032 cum
556 985 713 1048 igitur
751 982 1078 1048 cognoscatur
1115 1000 1347 1031 versuum
1378 986 1569 1032 numeri
1602 1001 1714 1033 eum
1745 986 1835 1047 qui

135 1059 400 1120 insculpsit
436 1058 684 1106 rationem
729 1075 828 1106 non
866 1058 1119 1117 habuisse,
1158 1058 1577 1106 verisimillimum
1618 1073 1721 1106 6336
1761 1060 1833 1106 vi-

134 1132 304 1194 detur,
359 1149 664 1195 quamquam
710 1148 945 1181 versuum
990 1148 1223 1180 numerus
1278 1148 1376 1180 non
1424 1132 1554 1180 idem
1602 1136 1698 1194 est,
1745 1133 1834 1181 hos

136 1207 330 1268 lapides
379 1206 538 1254 eidem
585 1206 807 1268 lapidum
855 1206 1000 1254 seriei
1040 1205 1379 1255 attribuendos
1427 1222 1529 1254 esse
1570 1209 1718 1268 atque
1759 1223 1833 1255 ce-

135 1284 269 1329 teros
316 1281 507 1343 lapides
556 1297 708 1342 aeque
755 1296 985 1343 magnos,
1034 1281 1120 1342 qui
1166 1282 1215 1327 et
1263 1280 1530 1342 epistulam
1579 1282 1641 1328 ad
1687 1282 1833 1328 Anti-

135 1357 340 1416 patrum
379 1357 428 1402 et
468 1355 682 1402 ethicam
721 1354 1109 1416 disputationem
1148 1355 1554 1416 complectuntur.
1619 1356 1750 1417 quod
1790 1356 1833 1403 si

32 1433 38 1438 '
135 1431 242 1476 iure
282 1430 505 1490 facimus,
546 1428 664 1495 quid
693 1443 863 1476 rursus
895 1428 1201 1490 probabilius
1235 1431 1324 1489 est,
1364 1445 1514 1490 quam
1545 1430 1667 1478 haec
1698 1431 1832 1493 frag-

134 1505 304 1550 menta
351 1519 461 1550 cum
510 1504 686 1565 quinto
735 1503 924 1551 decimo
970 1502 1060 1550 illo
1108 1518 1254 1550 versu
1299 1519 1388 1566 per
1433 1505 1594 1551 totam
1642 1504 1831 1552 ethicae

136 1577 497 1625 dissertationis
545 1577 908 1640 longitudinem
958 1579 1272 1638 percurrente
1320 1578 1663 1641 coniungenda
1711 1594 1830 1639 esse,

133 1666 249 1698 cum
280 1652 322 1699 is
364 1667 558 1713 quoque
599 1651 868 1699 sententias
904 1649 1190 1698 contineat?
1245 1651 1377 1712 quod
1410 1652 1831 1713 simplicissimum

135 1725 187 1771 in
210 1725 411 1773 modum
434 1725 505 1790 fit,
537 1726 580 1772 si
613 1727 844 1787 quintum
877 1725 1123 1772 decimum
1153 1725 1299 1772 illum
1322 1741 1519 1773 versum
1547 1726 1708 1774 ethica
1733 1727 1830 1774 dis-

134 1800 395 1860 putatione
433 1799 576 1847 finita
615 1799 693 1846 his
731 1801 784 1846 in
823 1798 1074 1861 lapidibus
1106 1800 1246 1846 iuxta
1286 1799 1677 1861 disputationem
1721 1803 1829 1849 sitis

132 1874 475 1921 continuatam
515 1888 617 1921 esse
658 1873 972 1921 arbitramur.
1030 1889 1087 1920 ex
1128 1888 1182 1921 eo
1216 1875 1383 1921 autem
1416 1876 1655 1936 sequitur,
1697 1876 1830 1936 quod

135 1947 340 1994 maximi
376 1948 614 1995 momenti
646 1950 733 2007 est,
768 1950 835 2008 ut,
876 1947 1004 1995 sicut
1034 1947 1148 1995 illas
1185 1949 1455 1996 sententias
1487 1948 1692 2010 Epicuri
1726 1964 1828 1997 esse

132 2023 351 2081 constat,
405 2021 477 2068 ita
523 2021 615 2068 hae
671 2037 866 2083 quoque
913 2022 1129 2083 Epicuro
1179 2021 1505 2070 vindicandae
1560 2024 1673 2070 sint.
1749 2024 1829 2070 vel

132 2095 301 2156 potius
340 2110 451 2143 cum
489 2095 542 2142 in
573 2095 890 2158 gnomologio
928 2095 1142 2156 quodam
1181 2110 1291 2142 cum
1326 2096 1530 2158 Epicuri
1569 2099 1828 2145 sententiis

135 2169 402 2216 Metrodori
466 2185 659 2230 quoque
720 2169 984 2216 nonnullas
1054 2171 1345 2218 cuniunctas
1407 2184 1511 2218 esse
1574 2171 1827 2220 videamus

132 2236 365 2308 (lViener
394 2242 597 2290 Studien
635 2243 700 2303 X,
745 2245 844 2290 191
868 2237 1015 2308 sqq),
1062 2243 1254 2291 cautius
1303 2243 1563 2291 dicendum
1603 2248 1698 2306 est,
1743 2260 1829 2294 seu

134 2316 338 2377 Epicuri
384 2333 470 2364 seu
523 2317 793 2364 Metrodori
847 2332 934 2364 seu
980 2316 1220 2379 Polyaeni
1267 2333 1351 2366 seu
1397 2317 1692 2366 Hermarchi
1737 2321 1827 2368 has

132 2392 404 2439 sententias
453 2406 556 2439 esse
605 2385 713 2457 (cfr.
761 2406 888 2452 quae
935 2390 1180 2438 Usenerus
1229 2391 1453 2454 disputat
1500 2393 1670 2441 eodem
1717 2395 1826 2442 loco

132 2480 180 2526 p.
211 2463 311 2511 187
355 2467 404 2512 et
443 2466 693 2525 Epicurea
732 2482 778 2527 p.
804 2463 917 2512 LIX
934 2457 1078 2531 sqq).
1141 2466 1364 2526 profecto
1405 2468 1643 2515 sermonis
1684 2483 1827 2515 usum

132 2552 244 2585 cum
283 2539 486 2600 Epicuri
527 2539 759 2600 loquendi
799 2539 1151 2587 consuetudine
1191 2541 1402 2587 maxime
1445 2555 1713 2605 congruere
1753 2543 1826 2590 fa-

134 2612 225 2659 cile
272 2613 430 2660 videri
474 2615 659 2675 potest,
710 2616 759 2660 et
805 2614 977 2674 postea
1024 2613 1265 2660 nonnulla
1312 2630 1438 2676 quae
1490 2615 1674 2663 similia
1722 2632 1826 2664 esse

131 2686 364 2733 videntur
403 2687 663 2743 adnotabo.

246 2758 531 2808 Ceterorum
562 2762 953 2825 fragmentorum
987 2775 1112 2821 quae
1135 2762 1267 2808 inter
1298 2778 1348 2810 se
1380 2762 1675 2811 cohaereant
1700 2779 1825 2824 quae

133 2848 231 2880 non
272 2834 580 2894 cohaereant,
619 2835 766 2882 facile
803 2834 1126 2896 intellegitur.
1190 2850 1247 2882 ex
1287 2837 1444 2884 altero
1483 2837 1707 2898 lapidum
1749 2853 1825 2885 or-

135 2905 246 2953 dine
297 2900 539 2974 (46—50
573 2902 673 2975 cm)
726 2908 788 2955 ad
836 2907 1223 2970 disputationem
1272 2910 1530 2972 physicam
1576 2912 1826 2972 pertinent
