2066 3146
0 1714 3 1718 -
0 1643 7 1690 --„
0 1579 13 1632 ..v-
0 1498 9 1571 ..ψ-μ..
0 1450 7 1480 -0
0 1387 5 1411 „2—
0 1364 4 1371 .
0 1336 9 1347 v

231 291 268 319 v.
306 280 330 318 9
378 277 466 330 τὴν
515 277 710 330 μύδησιν
759 274 840 319 cfr.
882 275 1014 319 Lucr.
1046 274 1110 318 III
1143 279 1229 317 870
1247 289 1346 330 sqq.
1391 275 1586 330 proinde
1632 276 1715 319 ubi
1758 289 1804 319 se

111 335 266 379 videas
309 335 532 378 hominem
579 335 868 392 indiynarier
905 336 1069 390 ipsum,
1107 338 1213 390 post
1250 340 1432 378 mortem
1478 333 1575 387 fore
1624 340 1673 377 ut
1720 340 1804 378 aut

109 399 368 450 putescat
398 407 581 450 corpore
612 399 702 437 toto
735 400 819 438 aut
848 407 885 437 e.
913 408 956 448 q.
983 408 1016 437 s.

229 482 298 526 fr.
322 482 499 527 XVIII
539 481 670 525 coLI
709 485 818 525 ante
852 497 889 525 v.
919 487 940 524 1
990 482 1086 526 tale
1126 482 1240 536 quid
1279 480 1472 537 periisse
1511 483 1650 538 putat
1692 481 1804 525 Use-

110 556 212 586 ner:
263 543 418 596 ἐπειδὴ
460 543 510 586 δὲ
549 544 604 585 τὸ
646 543 810 595 μέλλον
851 543 1066 597 ἄπιστόν]
1108 543 1232 585 ἐστιν
1265 541 1360 584 sive
1393 542 1620 597 ὕπουλόν]
1663 542 1802 596 ἐστιν,

110 600 218 645 HK:
262 603 418 655 ἐπειδὴ
467 602 516 644 δέ
565 603 742 654 μέλλειν
790 602 876 645 οὐκ
923 602 1129 656 ἔξ]εστιν.
1194 600 1343 657 magis
1390 599 1506 642 mihi
1548 600 1643 644 tale
1691 600 1804 656 quid

109 659 361 716 placuerit:
397 695 436 705 ..
456 660 637 714 .καίπερ
671 659 804 713 εἰδὼς
835 661 907 704 ὅτι
937 663 1080 704 τοῦτο
1106 661 1325 715 χαλεπόν]
1360 662 1482 703 ἑστιν
1509 661 1581 703 διὰ
1612 661 1667 704 τὸ
1692 664 1801 715 κτλ.,

110 722 164 762 ut
194 718 335 762 verba
375 720 425 762 ἐν
463 724 561 771 τοῖς
599 720 833 774 πράγμασι
870 720 1088 771 ποικίλως
1128 721 1332 763 ἄστατον
1373 719 1433 761 ad
1474 731 1551 761 eas
1583 733 1654 762 res
1687 732 1804 774 quas

111 780 396 822 tractaturus
429 778 491 820 sit
521 776 795 830 referantur,
829 780 877 821 et
906 777 1048 822 verba
1078 781 1133 822 τὸ
1166 779 1278 832 ἐμὸν
1310 780 1453 823 ἔξωθε
1483 782 1630 832 γῆρας
1661 778 1804 835 signi-

110 838 265 892 ficent,
298 837 572 892 scriptorem
605 839 843 880 senectute
875 837 968 880 iam
1000 837 1139 880 nimis
1172 837 1434 881 confectum
1460 850 1558 881 esse
1584 851 1725 892 quam
1752 839 1806 880 ut

111 899 211 940 tam
245 895 484 940 difficilem
515 911 613 939 rem
645 898 828 940 tractet.

238 955 322 1000 col.
348 955 390 997 ΙΙ
420 971 461 999 v.
489 960 513 997 2
548 956 899 1014 ἑναρθρότερος]
931 956 1112 1008 clarior,
1147 955 1404 1000 dilucidior.

230 1015 316 1059 col.
340 1014 405 1058 III
435 1030 475 1058 V.
503 1019 643 1070 2sqq.
693 1018 748 1059 τὸ
794 1016 898 1059 ἴσον
943 1020 1010 1059 τῶ
1060 1017 1144 1058 κᾶν
1183 1017 1346 1070 παρὼν
1387 1017 1652 1069 ὡμολόγεις.
1714 1015 1805 1059 toti

111 1074 372 1117 sententiae
412 1073 638 1117 articulus
677 1074 982 1130 praeponitur
1023 1075 1166 1117 etiam
1208 1073 1263 1117 fr.
1285 1072 1433 1116 LXIII
1473 1072 1558 1117 col.
1583 1073 1676 1117 118
1721 1074 1802 1118 cfr.

111 1133 261 1178 Praef.
295 1149 341 1191 p.
366 1133 523 1177 XLVI.

230 1208 269 1236 v.
299 1198 352 1236 13
386 1192 465 1236 cfr.
498 1192 629 1248 Epic.
664 1206 734 1248 ep.
760 1192 782 1235 Ι
805 1197 862 1236 45
899 1195 1014 1237 ἀλλὰ
1049 1195 1139 1247 μὴν
1172 1196 1248 1237 καὶ
1280 1194 1445 1246 κόσμοι
1478 1194 1659 1247 ἄπειροί
1691 1193 1804 1237 εἰσιν

112 1255 159 1295 et
189 1252 244 1295 fr.
272 1257 373 1307 301,
405 1252 536 1295 Lucr.
569 1251 611 1294 H
638 1256 752 1295 1048
770 1266 868 1308 sqq.

232 1327 297 1370 fr.
323 1325 424 1369 XX
473 1326 818 1369 demonstratur
857 1327 1037 1370 atomos
1068 1325 1276 1369 infinitas
1309 1339 1421 1370 esse.
1471 1339 1581 1369 nam
1611 1325 1703 1369 nisi
1735 1326 1805 1369 ita

112 1389 248 1439 esset,
274 1399 332 1429 ne
356 1385 478 1427 hunc
505 1385 695 1440 quidem
718 1385 943 1428 mundum
970 1386 1180 1428 orturum
1204 1384 1360 1430 fuisse.
1411 1385 1491 1430 cfr.
1510 1385 1594 1440 Ep.
1613 1398 1683 1441 ep.
1710 1384 1802 1427 142

113 1445 206 1502 (Us.
225 1461 271 1502 p.
291 1446 334 1501 7)
367 1445 406 1488 εἴ
429 1460 479 1488 τε
503 1446 593 1500 γὰρ
618 1446 678 1498 ἦν
701 1447 756 1489 τὸ
782 1447 918 1489 κενὸν
942 1446 1147 1500 ἄπειρον,
1172 1446 1230 1489 τὰ
1255 1446 1306 1489 δὲ
1331 1446 1527 1498 σώματα
1554 1446 1802 1499 ὡρισμένα,

113 1507 323 1557 οὐδαμοῦ
350 1506 406 1547 ἂν
432 1507 564 1557 ἔμενε
588 1506 645 1548 τὰ
671 1506 880 1560 σώματα,
899 1504 998 1548 ἀλλ’
1014 1506 1211 1559 ἐφέρετο
1236 1505 1354 1548 κατὰ
1377 1506 1432 1548 τὸ
1458 1505 1649 1558 ἄπειρον
1667 1506 1804 1548 κενὸν

112 1566 438 1618 διεσπαρμένα,
472 1565 558 1607 οὐκ
590 1565 758 1618 ἔχοντα
789 1565 848 1607 τὰ
881 1563 1260 1618 ὑπερείδοντα
1294 1567 1369 1607 καὶ
1402 1564 1654 1607 στέλλοντα
1686 1565 1804 1607 κατὰ

110 1625 193 1676 τὰς
218 1624 455 1675 ἀνακοπάς
471 1622 536 1679 (h.
556 1637 593 1666 e.
612 1623 737 1678 quod
761 1622 895 1680 Diog.
924 1623 1041 1666 dicit
1064 1623 1115 1666 ἐκ
1137 1627 1235 1666 τῶν
1259 1623 1480 1675 πλαγίων.
1514 1635 1625 1664 nam
1648 1621 1803 1679 plagis

114 1682 382 1726 efficiuntur
419 1684 573 1724 motus
605 1680 786 1736 obliqui
819 1683 1080 1725 atomorum
1113 1681 1193 1725 cfr.
1225 1681 1310 1737 Ep.
1345 1696 1415 1738 ep.
1448 1680 1469 1723 I
1495 1686 1535 1735 1,
1553 1685 1606 1724 61
1641 1682 1743 1726 οὐθ’
1771 1684 1801 1737 ἡ

113 1744 212 1786 ἄνω
245 1741 348 1785 οὐθ’
378 1744 406 1795 ή
442 1742 504 1794 εἰς
534 1743 588 1785 τὸ
621 1743 816 1794 πλάγιον
848 1743 922 1786 διὰ
953 1746 1051 1786 τῶν
1076 1742 1316 1796 κρούσεων
1341 1742 1468 1796 φορὰ
1494 1741 1597 1785 οὐθ’
1619 1743 1647 1796 ή
1675 1742 1802 1785 κάτω

112 1803 186 1846 διὰ
224 1805 322 1844 τῶν
362 1801 492 1844 ἰδίων
533 1802 724 1856 βαρῶν).
758 1827 813 1832 -
855 1813 948 1856 qua
995 1799 1392 1844 demonstratione
1439 1814 1554 1856 opus
1602 1802 1704 1844 erat
1742 1800 1804 1844 ad

114 1860 527 1903 demonstrandam
558 1859 842 1902 infinitatem
872 1860 1164 1903 mundorum.
1223 1872 1333 1902 nam
1358 1859 1503 1902 atomi
1528 1859 1568 1903 si
1591 1858 1804 1908 infinitae

113 1922 242 1973 sunt,
286 1918 385 1962 fieri
416 1933 510 1962 non
540 1920 710 1975 potest,
743 1919 856 1974 quin
887 1918 1051 1962 mundi
1082 1932 1268 1974 quoque
1299 1918 1663 1963 innumerabiles
1695 1918 1803 1963 sint.

114 1978 195 2022 cfr.
228 1977 313 2034 Ep.
348 1993 419 2034 ep.
453 1978 553 2021 145
588 1978 681 2035 (Us.
712 1993 755 2034 p.
784 1983 808 2021 9
840 1993 880 2022 v.
908 1982 934 2020 4
953 1980 1070 2035 sqq.)
1103 1980 1218 2022 ἀλλὰ
1251 1980 1342 2032 μὴν
1375 1981 1451 2022 καὶ
1482 1980 1647 2032 κόσμοι
1679 1980 1804 2023 ἄπει-

112 2039 183 2093 ροί
216 2038 330 2081 εἰσιν
362 2038 406 2081 οἱ
437 2038 479 2081 θ’
509 2040 659 2091 ὅμοιοι
691 2039 846 2094 τούτῳ
880 2041 955 2082 καὶ
986 2038 1030 2082 οἱ
1061 2039 1284 2091 ἀνόμοιοι.
1349 2036 1397 2081 αἵ
1426 2052 1478 2081 τε
1515 2039 1605 2092 γὰρ
1638 2039 1805 2091 ἄτομοι

113 2100 292 2151 ἄπειροι
324 2098 473 2151 οὖσαι,
508 2099 572 2150 ὠς
602 2099 705 2152 ἄρτι
736 2097 998 2152 ἀπεδείχθη,
1032 2099 1258 2153 φέρονται
1290 2100 1365 2140 καὶ
1394 2098 1700 2151 πορρωτάτω.
1746 2099 1802 2142 οὐ

110 2159 199 2212 γὰρ
233 2157 587 2210 κατανήλωνται
619 2157 665 2200 αἱ
695 2161 908 2200 τοιαῦται
941 2158 1119 2212 ἄτομοι,
1152 2157 1199 2201 ἐξ
1231 2157 1299 2200 ὧν
1331 2157 1389 2199 ἂν
1415 2157 1598 2209 γένοιτο
1632 2158 1805 2211 κόσμος

30 2243 32 2247 >
112 2219 142 2271 ἢ
177 2216 262 2271 ὑφ’
293 2217 361 2259 ὧν
394 2217 451 2259 ἂν
483 2216 710 2271 ποιηθείη,
744 2215 844 2260 οὔτ’
875 2216 937 2268 εἰς
969 2217 1050 2260 ἕνα
1076 2215 1177 2260 οὔτ’
1200 2215 1264 2268 εἰς
1285 2217 1684 2270 πεπειρασμένους
1707 2219 1801 2260 κτλ.

114 2274 211 2332 (cfr.
238 2274 370 2318 Lucr.
404 2274 447 2317 Π
474 2279 586 2318 1067
603 2276 735 2331 sqq).

232 2333 316 2378 col.
343 2333 364 2376 Ι
394 2348 434 2376 v.
464 2339 517 2377 14
563 2336 729 2388 ἄτομοι
767 2335 931 2389 φύσεις
970 2333 1050 2377 cfr.
1083 2333 1137 2376 fr.
1164 2333 1206 2375 V
1239 2332 1343 2389 (HK
1367 2335 1441 2389 42)
1482 2332 1566 2377 col.
1591 2332 1635 2376 Π
1660 2338 1712 2377 11
1756 2336 1805 2376 et

30 2370 35 2420 Ϊ
113 2393 198 2450 Ep.
234 2407 304 2450 ep.
337 2392 357 2435 Ι
383 2397 437 2435 41
472 2395 675 2447 ἀτόμους
707 2394 941 2447 σωμάτων
972 2395 1148 2448 φύσεις.

232 2452 318 2496 col.
343 2451 385 2494 II
415 2467 454 2495 v.
482 2458 506 2495 2
549 2454 895 2508 ἀσυνέλευστοι]
941 2451 1158 2509 Apollon.
1193 2452 1250 2494 de
1289 2464 1496 2507 pronom.
1529 2466 1573 2507 p.
1609 2455 1664 2496 57
1683 2451 1723 2494 A
1756 2454 1804 2495 et

30 2524 44 2554 ·.·
115 2516 200 2556 144
218 2510 250 2556 C
283 2513 330 2555 et
365 2512 419 2555 de
452 2514 619 2556 constr.
652 2526 695 2567 p.
723 2515 824 2566 304,
842 2515 867 2555 8
901 2513 1268 2563 ἀσυνελεύστους
1291 2509 1502 2567 appellat
1526 2510 1642 2554 duas
1665 2524 1802 2555 voces

113 2572 183 2626 (ut
207 2573 308 2626 ἐμοὶ
341 2573 488 2627 αὐτῷ)
521 2585 615 2615 non
646 2571 955 2615 convenientes
986 2572 1215 2627 (ἐμαυτῷ)
1248 2569 1331 2614 sed
1362 2571 1614 2626 separatas.

230 2645 271 2674 v.
299 2635 324 2673 3
359 2632 473 2684 μετὰ
498 2632 656 2686 αὐτάς,
689 2630 718 2673 i.
737 2645 774 2673 e.
802 2643 830 2672 a
857 2631 989 2687 tergo
1015 2643 1187 2682 earum,
1221 2630 1329 2685 post
1352 2630 1580 2672 extremas
1606 2631 1802 2673 atomos.

229 2704 272 2733 v.
313 2694 338 2732 9
394 2694 495 2742 πῶς
549 2690 907 2744 ἀπογεννήσωσι
961 2688 1285 2733 coniunctivus
1339 2687 1694 2744 deliberativus‚
1750 2690 1804 2731 ut

113 2747 168 2792 fr.
193 2747 340 2791 XXIX
372 2748 475 2806 (HK
501 2751 574 2805 63)
607 2748 692 2792 eol.
717 2748 738 2791 I
763 2753 787 2791 3
835 2752 1066 2804 ζητοῦμεν
1104 2753 1205 2801 πῶς
1235 2749 1261 2792 ὁ
1294 2747 1389 2802 βίος
1419 2750 1553 2802 ήμέἰν
1584 2750 1700 2803 ἡδὺς
1728 2750 1802 2801 γέ·
1874 2762 1878 2766 ’

112 2822 262 2862 νηται

231 2880 300 2926 fr.
319 2881 449 2925 XXI
477 2882 564 2925 col.
589 2883 609 2924 I
639 2897 679 2926 v.
709 2886 764 2925 10
795 2881 938 2925 verba
967 2884 1143 2937 πότερα
1175 2882 1263 2936 γὰρ
1295 2882 1462 2937 postea
1493 2880 1578 2925 col.
1603 2881 1646 2924 Π
1675 2897 1717 2924 v.
1747 2886 1800 2923 13

110 2940 265 2996 excipi
297 2943 614 2997 cognoverunt
636 2940 733 2984 ΗΚ.
756 2968 806 2972 -
836 2941 892 2984 de
923 2943 1048 2984 terra
1076 2940 1229 2996 priore
1255 2939 1471 2984 columna
1494 2939 1608 2996 quin
1632 2942 1803 2997 agatur

1476 3014 1533 3057 6*
